@article{a,
  title = {},
  author = {},
  journal = {},
  volume = {},
  pages = {},
  year = {}}

@article{YuWang2020,
author = {Y. Wang and K. Wang and E. F. Fenton and Y.-W. Lin and K.-K. Ni and J. D. Hood},
journal = {Opt. Expr.},
pages = {31209--31215},
publisher = {OSA},
title = {Reduction of laser intensity noise over 1 {MH}z band for single atom trapping},
volume = {28},
month = {Oct},
year = {2020},
url = {http://opg.optica.org/oe/abstract.cfm?URI=oe-28-21-31209},
doi = {10.1364/OE.405002}
}



@article{Povilus2005,
author = {A. P. Povilus and S. E. Olson and R. R. Mhaskar and B.-K. Teo and J. R. Guest and G. Raithel},
journal = {J. Opt. Soc. Am. B},
pages = {311--314},
publisher = {OSA},
title = {Time averaging of multimode optical fiber output for a magneto-optical trap},
volume = {22},
year = {2005},
url = {http://opg.optica.org/josab/abstract.cfm?URI=josab-22-2-311},
doi = {10.1364/JOSAB.22.000311}}



@article{WHung2015,
author = {W. Hung and P. Huang and F.-C. Wu and M. Bruvelis and H.-Y. Xiao and A. Ekers and I. A. Yu},
journal = {J. Opt. Soc. Am. B},
pages = {B32--B36},
publisher = {OSA},
title = {Storage time of cold {R}b atoms in an optical dipole trap formed by a multimode fiber laser},
volume = {32},
month = {May},
year = {2015},
url = {http://opg.optica.org/josab/abstract.cfm?URI=josab-32-5-B32},
doi = {10.1364/JOSAB.32.000B32}
}





@article{YWang2020,
  title={Preparation of hundreds of microscopic atomic ensembles in optical tweezer arrays},
  author={Y. Wang and  S. Shevate and T.  M. Wintermantel and M.  Morgado and G.  Lochead and S.  Whitlock},
  journal={npj Qu. Inf.},
  volume={6},

  pages={54},
  year={2020}
}



@article{Takamoto2005,
  title={An optical lattice clock},
  author={Takamoto, M. and Hong, F.-L. and Higashi, R. and Katori, H.},
  journal={Nature},
  volume={435},

  pages={321--324},
  year={2005}
}

@article{FGuo2021,
  title = {A proof-of-concept model of compact
and high-performance $^{87}${S}r optical
lattice clock for space},
  author = {F. Guo and W. Tan and C.-h. Zhou and J. Xia and Y.-x. Chen and T. Liang and Q. Liu and Y. Liu and D.-j. He and 
Y.-z. Zhou and W.-h. Wang and Y. Shen and H.-x. Zou and H. Chang},
  journal = {AIP Adv.},
  volume = {11},
  pages = {125116},
  year = {2021}
}

@article{Ohmae2021,
  title = {Transportable Strontium Optical Lattice Clocks Operated
Outside Laboratory at the Level of $10^{-18}$ Uncertainty},
  author = {N. Ohmae and M. Takamoto and Y. Takahashi and M. Kokubun and K. Araki and
A. Hinton and I. Ushijima and T. Muramatsu and T. Furumiya and Y. Sakai and
N. Moriya and N. Kamiya and K. Fujii and R. Muramatsu and T. Shiimado
and H. Katori},
  journal = {Adv. Quantum Technol.},
  volume = {4},
  pages = {2100015},
  year = {2021}
}

@article{WLoh2020,
	year = 2020,
	volume = {588},
	pages = {244},
	author = {W. Loh and J. Stuart and D. Reens and C. D. Bruzewicz and D. Braje and
John Chiaverini and P. W. Juodawlkis and J. M. Sage and R. McConnell},
	title = {Operation of an optical atomic clock with a
{B}rillouin laser subsystem},
	journal = {Nature}
}

@article{Sinclair2015,
	year = 2015,
	volume = {86},
	pages = {081301},
	author = {L. C. Sinclair and J.-D. Desch\^enes and  L. Sonderhouse and W. C. Swann and I. H. Khader and
E. Baumann and N. R. Newbury and I. Coddington},
	title = {Invited Article: {A} compact optically coherent fiber frequency comb},
	journal = {Rev. Sci. Instr.}
}

@article{Stuart2018,
	doi = {10.1088/1367-2630/aaa634},
	url = {https://doi.org/10.1088/1367-2630/aaa634},
	year = 2018,
	volume = {20},
	pages = {023013},
	author = {D. Stuart and A. Kuhn},
	title = {Single-atom trapping and transport in {DMD}-controlled optical tweezers},
	journal = {New J. Phys.}
}


@article{Biedermann2013,
  title = {Zero-Dead-Time Operation of Interleaved Atomic Clocks},
  author = {Biedermann, G. W. and Takase, K. and Wu, X. and Deslauriers, L. and Roy, S. and Kasevich, M. A.},
  journal = {Phys. Rev. Lett.},
  volume = {111},
  pages = {170802},
  year = {2013},
  doi = {10.1103/PhysRevLett.111.170802},
  url = {https://link.aps.org/doi/10.1103/PhysRevLett.111.170802}
}



@article{Schioppo2017,
  title={Ultrastable optical clock with two cold-atom ensembles},
  author={Schioppo, M. and Brown, R. C. and McGrew, W. F. and Hinkley, N. and Fasano, R. J. 
and Beloy, K. and Yoon, T. H. and Milani, G. and Nicolodi, D. and Sherman, J. A. and  Phillips, N. B. 
and Oates, C. W.  and Ludlow, A. D. },
  journal={Nat. Photon.},
  volume={11},
  number={1},
  pages={48--52},
  year={2017}
}


@article{Heavner2014,
  title = {First accuracy evaluation of {NIST-F2}},
  author = {T. P. Heavner and E. A. Donley and F. Levi and
G. Costanzo and T. E. Parker and J. H. Shirley and N. Ashb and
S. Barlow and S. R. Jefferts},
  journal = {Metrologia},
  volume = {51},
  pages = {174},
  year = {2014}
}

@article{Audoin1991,
  title = {A limit to the frequency stability of passive frequency standards due to an intermodulation effect},
  author = {C. Audoin and V. Candelier and N. Dimarcq},
  journal = {IEEE Tr. Instr. Meas.},
  volume = {40},
  pages = {121},
  year = {1991}
}


@article{Safronova2016,
  title = {Magic wavelengths, matrix elements, polarizabilities, and lifetimes of {C}s},
  author = {Safronova, M. S. and Safronova, U. I. and Clark, Charles W.},
  journal = {Phys. Rev. A},
  volume = {94},
  pages = {012505},
  year = {2016},
  doi = {10.1103/PhysRevA.94.012505},
  url = {https://link.aps.org/doi/10.1103/PhysRevA.94.012505}
}



@article{Beloy2021,
  title = {Frequency ratio measurements at 18-digit
accuracy using an optical clock network},
  author = {K. Beloy
and M. I. Bodine
and T. Bothwell
and S. M. Brewer
and S. L. Bromley
and J.-S. Chen
and J.-D. Desch\^enes
and S. A. Diddams
and R. J. Fasano
and T. M. Fortier 
and Y. S. Hassan 
and D. B. Hume 
and D. Kedar
and C. J. Kennedy
and I. Khader
and A. Koepke
and D. R. Leibrandt
and H. Leopardi 
and A. D. Ludlow
and W. F. McGrew 
and W. R. Milner
and N. R. Newbury
and D. Nicolodi 
and E. Oelker 
and T. E. Parker
and J. M. Robinson
and S. Romisch 
and S. A. Sch\"affer
and J. A. Sherman 
and L. C. Sinclair
and L. Sonderhouse 
and W. C. Swann
and J. Yao 
and J. Ye 
and X. Zhang},
  journal = {Nature},
  volume = {591},
  pages = {564},
  year = {2021}
}

@article{YFHsiao2018,
  title = {$\mathrm{\ensuremath{\Lambda}}$-enhanced gray-molasses cooling of cesium atoms on the ${D}_{2}$ line},
  author = {Hsiao, Y.-F. and Lin, Y.-J. and Chen, Y.-C.},
  journal = {Phys. Rev. A},
  volume = {98},
  pages = {033419},
  year = {2018}
}



@article{Huft2021,
  title = {A simplified projected optical trap array},
  author = {P. Huft and Y. Song and K. Jooya and T. Graham and S. Deshpande and C. Fang and M. Kats and M. Saffman}, 
  journal = {arXiv:2112.xxxxx (to be submitted Dec. 2021)},
  year = {2021}
}


@article{Drewsen1994,
  title = {Investigation of sub-{D}oppler cooling effects in a cesium
magneto-optical trap},
  author = {M. Drewsen and Ph. Laurent and A. Nadir and G. Santarelli and A. Clairon and Y. Castin and D. Grison and C. Salomon},
  journal = {Appl. Phys. B},
  volume = {59},
  pages = {283},
  year = {1994}
}

@article{Lett1989,
  title = {Optical molasses},
  author = {P. D. Lett and  W. D. Phillips and  S. L. Rolston and C. E. Tanner and R. N. Watts and C. I. Westbrook},
  journal = {J. Opt. Soc. Am. B},
  volume = {6},
  pages = {2084},
  year = {1989}
}



@article{Savard1997,
  title = {Laser-noise-induced heating in far-off resonance optical traps},
  author = {Savard, T. A. and O'Hara, K. M. and Thomas, J. E.},
  journal = {Phys. Rev. A},
  volume = {56},
  pages = {R1095},
  year = {1997},
  month = {Aug},
  publisher = {American Physical Society},
  doi = {10.1103/PhysRevA.56.R1095},
  url = {https://link.aps.org/doi/10.1103/PhysRevA.56.R1095}
}


@article{Taieb1994,
  title = {Cooling and localization of atoms in laser-induced potential wells},
  author = {Ta\"{\i}eb, R. and Dum, R. and Cirac, J. I. and Marte, P. and Zoller, P.},
  journal = {Phys. Rev. A},
  volume = {49},
  pages = {4876},
  year = {1994}
}


@article{Ivanov2011,
	year = 2011,
	volume = {84},
	pages = {063417},
	author = {V. V. Ivanov and S.Gupta},
	title = {Laser-driven {S}isyphus cooling in an optical dipole trap},
	journal = {Phys. Rev. A},
	}

@article{CCheung2021,
	year = 2021,
	volume = {},
	pages = {},
	author = {C. Cheung and M. S. Safronova and S. G. Porsev},
	title = {Scalable codes for precision calculations of properties of complex atomic systems},
	journal = {arXiv:2103.04473},
	}



@article{Beterov2020,
	year = 2020,
	volume = {53},
	pages = {182001},
	author = {I. I. Beterov and D. B. Tretyakov and V. M. Entin and E. A. Yakshina and I. I. Ryabtsev 
and M. Saffman and S. Bergamini},
	title = {Application of adiabatic passage in {R}ydberg atomic ensembles for quantum information processing},
	journal = {J. Phys. B: At. Mol. and Opt. Phys.},
	}


@misc{UDportal,
author = {P. Barakhshan and A. Marrs and B. Arora and R. Eigenmann and M. S. Safronova},
HOWPUBLISHED = {{\textit{Portal for High-Precision Atomic Data and Computation}} (version 1.0). University of Delaware, Newark, DE, USA.
URL: {\tt{https://www.udel.edu/atom}} [January 2021].}}
}

@article{Farley1981,
  title = {Accurate calculation of dynamic {S}tark shifts and depopulation rates of {R}ydberg
 energy levels induced by blackbody radiation. {H}ydrogen, helium, and alkali-metal atoms},
  author = {Farley, J. W. and Wing, W. H.},
  journal = {Phys. Rev. A},
  volume = {23},
  pages = {2397},
  year = {1981}}


@article{vanWijngaarden1994,
  title = {POLARIZABILITIES OF CESIUM {S}, {P}, {D}, AND {F} STATES},
  author = {W. A. van Wijngaarden and J. Li},
  journal = {J. Quant. Spctrosc. Radiat. Transfer},
  volume = {52},
  pages = {555},
  year = {1994}}


@article{Amini2003,
  title = {High Precision Measurement of the Static Dipole Polarizability of Cesium},
  author = {Amini, J. M. and Gould, H.},
  journal = {Phys. Rev. Lett.},
  volume = {91},
  pages = {153001},
  year = {2003}
}


@article{Delehaye2018,
  title = {Single-ion, transportable optical atomic clocks
},
  author = {M. Delehaye and C. Lacro\^ute},
  journal = {J. Mod. Opt.},
  volume = {65}, 
  pages = {622}, 
  year = {2018}
}


@article{Gellesch2020,
  title = {Transportable optical atomic clocks for use in
out-of-the-lab environments
},
  author = {M. Gellesch and  J. Jones and  R. Barron and  A. Singh and  Q. Sun and  K. Bongs
and Y. Singh},
  journal = {Adv. Opt. Techn.},
  volume = {9}, 
  pages = {313}, 
  year = {2020}
}


@article{Hannig2019,
  title = {Towards a transportable aluminium ion
quantum logic optical clock
},
  author = {S. Hannig and  L. Pelzer and  N. Scharnhorst and J. Kramer and  
M. Stepanova and  Z. T. Xu and  N. Spethmann and  
I. D. Leroux and   T. E. Mehlst\"aubler and  P. O. Schmidt},
  journal = {Rev. Sci. Instr.},
  volume = {90}, 
  pages = {053204}, 
  year = {2019}
}


@article{JCao2017,
  title = {A compact, transportable single-ion optical clock with $7.8 \times 10^{-17}$
systematic uncertainty},
  author = {J. Cao and  P. Zhang and  J. Shang and  K. Cui and  J. Yuan and  S. Chao and  S. Wang and 
H. Shu and   X. Huang},
  journal = {Appl. Phys. B},
  volume = {123}, 
  pages = {12}, 
  year = {2017}
}


@article{Burt2021,
  title = {Demonstration of a trapped-ion atomic
clock in space},
  author = {E. A. Burt and  J. D. Prestage and  R. L. Tjoelker and  D. G. Enzer and  D. Kuang and  D. W. Murphy and 
D. E. Robison and  J. M. Seubert and  R. T. Wang and T. A. Ely},
  journal = {Nature},
  volume = {595}, 
  pages = {43}, 
  year = {2021}
}


@article{XLiu2017,
  title = {Low-Drift Coherent Population Trapping Clock Based on Laser-Cooled Atoms and High-Coherence Excitation Fields},
  author = {Liu, X. and Ivanov, E. and Yudin, V. I. and Kitching, J. and Donley, E. A.},
  journal = {Phys. Rev. Applied},
  volume = {8}, 
  pages = {054001}, 
  year = {2017}
}



@article{Elvin2019,
  title = {Cold-atom clock based on a diffractive optic},
  author = {R. Elvin and  G. W. Hoth and  M. Wright and B. Lewsi and  J. P.
McGilligan and  A. S. Arnold and P. F. Griffin AND E. Riis},
  journal = {Opt. Expr.},
  volume = {27}, 
  pages = {38359}, 
  year = {2019}
}







@article{Maurice2020,
  title = {Miniaturized optical frequency reference for
next-generation portable optical clocks},
  author = {V. Maurice and  Z. L. Newman and  S.
Dickerson and  M. Rivers and  J. Hsiao and  P.
Greene and M. Mescher and  J. Kitching and  M. T.
Hummon AND C. Johnson },
  journal = {Opt. Expr.},
  volume = {28},
  pages = {24708},
  year = {2020}}

@article{Perrella2019,
  title = {Dichroic Two-Photon rubidium Frequency Standard},
  author = {Perrella, C. and Light, P.S. and Anstie, J.D. and Baynes, F.N. and White, R.T. and Luiten, A.N.},
  journal = {Phys. Rev. Applied},
  volume = {12},
  pages = {054063},
  year = {2019}}


@article{Farkas2010,
  author = {D. M. Farkas and A. Zozulya and D. Z. Anderson},
  title = {A compact microchip atomic clock based on all-optical
interrogation of ultra-cold trapped {R}b atoms},
  journal = {Appl. Phys. B},
  volume = {101},
  pages = {705},
  year = {2010}
}


@article{Harber2002,
  author = {D. M. Harber and  H. J. Lewandowski and J. M. McGuirk and E. A. Cornell},
  title = {Effect of cold collisions on spin coherence and resonance shifts
in a magnetically trapped ultracold gas},
  journal = {Phys. Rev. A},
  volume = {66},
  pages = {053616},
  year = {2002}
}

@article{Lawler2004,
  title = {IMPROVED ATOMIC DATA FOR {H}O {II} AND NEW {H}OLMIUM ABUNDANCES
FOR THE SUN AND THREE METAL-POOR STARS},
  author = {J. Lawler and C. Sneden and J. J. Cowan},
  journal = {Astr. Phys. J.},
  volume = {604},
  pages = {850},
  year = {2004}
}


@article{YqLi1995,
  title = {Electromagnetically induced transparency in a three-level \ensuremath{\Lambda}-type system in rubidium atoms},
  author = {Li, Y.-q. and Xiao, M.},
  journal = {Phys. Rev. A},
  volume = {51},
  pages = {R2703},
  year = {1995}
}



@article{Gea-Banacloche1995,
  title = {Electromagnetically induced transparency in ladder-type inhomogeneously broadened media: Theory and experiment},
  author = {Gea-Banacloche, J. and Li, Y.-q. and Jin, S.-z. and Xiao, M.},
  journal = {Phys. Rev. A},
  volume = {51},
  pages = {576--584}, 
  year = {1995}}

@article{Havey1977,
  title = {Direct measurements of excited-state lifetimes in {M}g, {C}a, and {S}r},
  author = {M. D. Havey and L. C. Balling and J. J. Wright},
  journal = {J. Opt. Soc. Am.},
  volume = {67},
  pages = {488},
  year = {1977}
}

@article{Brinkmann1969,
  title = {Lebensdauern und Oszillatorst\"arken
im {S}r {I}- und {C}a {I}-Spektrum},
  author = {U. Brinkmann},
  journal = {Z. Phys. },
  volume = {228},
  pages = {440},
  year = {1969}
}


@article{Grafstrom1983,
  title = {Natural radiative lifetimes in the interacting $5snd~^{1,3}{D}_{2}$ sequences in {S}r},
  author = {Grafstr\"om, P. and Zhan-Kui, Jiang and J\"onsson, G. and Levinson, C. and Lundberg, H. and Svanberg, S.},
  journal = {Phys. Rev. A},
  volume = {27},
  pages = {947--949},
  year = {1983}
}


@article{Dai1995,
  title = {Study of {S}r 5sns $^1{S}_0$ {R}ydberg series},
  author = {C. J. Dai and X. A. Zhao},
  journal = {J. Quant. Spectr. Rad. Tr.},
  volume = {54},
  pages = {1019},
  year = {1995}
}

@article{Jonsson1984,
  title = {Natural Radiative Lifetimes in the $^1{P}_1$ and $^1{F}_3$ Sequences of {S}r {I}},
  author = {G. J\"onsson and C. Levinson and  A. Persson and C.-G. Wahlstr\"om},
  journal = {Z. Phys. A},
  volume = {316},
  pages = {255},
  year = {1984}
}


@article{Gornik1977,
  title = {Lifetime Measurements of Highly Excited Levels
of {S}r {I} Using Stepwise Excitation by Two Pulsed Dye Lasers},
  author = {W. Gornik},
  journal = {Z. Phys. A},
  volume = {283},
  pages = {231},
  year = {1977}
}

@article{Safronova2013,
  title = {Blackbody-radiation shift in the {S}r optical atomic clock},
  author = {Safronova, M. S. and Porsev, S. G. and Safronova, U. I. and Kozlov, M. G. and Clark, Charles W.},
  journal = {Phys. Rev. A},
  volume = {87},
  pages = {012509},
  year = {2013}
}


@article{Bergstrom1986,
  title = {Hyperfine-dependent lifetimes induced by singlet-triplet mixing},
  author = {Bergstr\"om, H. and Levinson, C. and Lundberg, H. and Svanberg, S. and Wahlstr\"om, C. G. and Zhao You Yuan},
  journal = {Phys. Rev. A},
  volume = {33},
  pages = {2387},
  year = {1986}
}


@article{Kunze1993,
  title = {Lifetime measurements of highly excited {R}ydberg states of strontium {I}},
  author = {S. Kunze and R. Hohmann and H.-J. Kluge and J. Lantzsch and L. Monz and J. Stenner 
and K. Stratmann and K. Wendt and K. Zimmer},  
  journal = {Z. Phys. D},
  volume = {27}, 
  pages = {111}, 
  year = {1993}
}

@article{Brown2019,
  title = {Gray-Molasses Optical-Tweezer Loading: Controlling Collisions for Scaling Atom-Array Assembly},
  author = {Brown, M. O. and Thiele, T. and Kiehl, C. and Hsu, T.-W. and Regal, C. A.},
  journal = {Phys. Rev. X},
  volume = {9}, 
  pages = {011057}, 
  year = {2019}
}


@article{HKim2019,
  title = {{G}erchberg-{S}axton algorithm for fast and
efficient atom rearrangement in optical tweezer
traps},
  author = {H. Kim and M. Kim and  W. Lee  and J. Ahn},
  journal = {Opt. Expr.},
  volume = {27},
  pages = {2184},
  year = {2019}}

@article{Martin2019,
  title = {Frequency shifts due to {S}tark effects on a rubidium two-photon transition},
  author = {Martin, K. W. and Stuhl, B. and Eugenio, J. and Safronova, M. S. and 
Phelps, G. and Burke, J. H. and Lemke, N. D.},
  journal = {Phys. Rev. A},
  volume = {100},
  pages = {023417},
  numpages = {11},
  year = {2019}
}


@article{Gerginov2018,
  title = {Two-photon Optical Frequency Reference with Active ac {S}tark Shift Cancellation},
  author = {Gerginov, V. and Beloy, K.},
  journal = {Phys. Rev. Applied},
  volume = {10}, 
  pages = {014031}, 
  year = {2018}
}


@article{Martin2018,
  title = {Compact Optical Atomic Clock Based on a Two-Photon Transition in {R}ubidium},
  author = {Martin, K. W. and Phelps, G. and Lemke, N. D. and Bigelow, M. S. and Stuhl, B. and Wojcik, M. 
and Holt, M. and Coddington, I. and Bishop, M. W. and Burke, J. H.},
  journal = {Phys. Rev. Applied},
  volume = {9}, 
  pages = {014019}, 
  year = {2018}
}


@article{Hamann1998,
	Author = {Hamann, S. E. and Haycock, D. L. and Klose, G. and Pax, P. H. and Deutsch, I. H. and Jessen, P. S.},
	Journal = {Phys. Rev. Lett.},
	Pages = {4149--4152},
	Title = {Resolved-Sideband {R}aman Cooling to the Ground State of an Optical Lattice},
	Volume = {80},
	Year = {1998}}

@article{Dotsenko2005,
	Author = {Dotsenko, I. and Alt, W. and Khudaverdyan, M. and Kuhr, S. and Meschede, D. and Miroshnychenko, Y. and Schrader, D. and Rauschenbeutel, A.},
	Journal = {Phys. Rev. Lett.},
	Pages = {033002},
	Title = {Submicrometer Position Control of Single Trapped Neutral Atoms},
	Volume = {95},
	Year = {2005}}

@article{Torrontegui2011,
	Author = {Torrontegui, E. and Ib\'a\~nez, S. and Chen, Xi and Ruschhaupt, A. and Gu\'ery-Odelin, D. and Muga, J. G.},
	Journal = {Phys. Rev. A},
	Pages = {013415},
	Title = {Fast atomic transport without vibrational heating},
	Volume = {83},
	Year = {2011}}

@article{Kuhr2001,
	Abstract = {We report the realization of a deterministic source of single atoms. A standing-wave dipole trap is loaded with one or any desired number of cold cesium atoms from a magneto-optical trap. By controlling the motion of the standing wave, we adiabatically transport the atom with submicrometer precision over macroscopic distances on the order of a centimeter. The displaced atom is observed directly in the dipole trap by fluorescence detection. The trapping field can also be accelerated to eject a single atom into free flight with well-defined velocities.},
	Author = {Kuhr, Stefan and Alt, Wolfgang and Schrader, Dominik and M{\"u}ller, Martin and Gomer, Victor and Meschede, Dieter},
	Journal = {Science},
	Number = {5528},
	Pages = {278--280},
	Title = {Deterministic Delivery of a Single Atom},
	Volume = {293},
	Year = {2001}}

@article{Langbecker2018,
	Abstract = {We report on an efficient and highly controlled cold atom hollow-core fiber interface, suitable for quantum simulation, information, and sensing. The main focus of this manuscript is a detailed study on transporting cold atoms into the fiber using an optical conveyor belt. We discuss how we can precisely control the spatial, thermal, and temporal distribution of the atoms by, e.g., varying the speed at which the atoms are transported or adjusting the depth of the transport potential according to the atomic position. We characterize the transport of atoms to the fiber tip for these different parameters. In particular, we show that by adapting the transport potential we can lower the temperature of the transported atoms by a factor of 6, while reducing the transport efficiency only by a factor 2. We can obtain a transport efficiency into the fiber of about 40% and we study the influence of the different transport parameters on the time-dependent optical depth signal inside the fiber. When comparing our measurements to the results of a classical transport simulation, we find a good qualitative agreement.},
	Author = {M. Langbecker and R. Wirtz and F. Knoch and M. Noaman and T. Speck and P. Windpassinger},
	Journal = {New J. Phys.},
	Pages = {083038},
	Title = {Highly controlled optical transport of cold atoms into a hollow-core fiber},
	Volume = {20},
	Year = 2018}

@article{Lu2020,
	Author = {Xiao-Jing Lu and A. Ruschhaupt and Sof\'{\i}a Mart\'{\i}nez-Garaot and J. G, Muga},
	year={2020},
	Journal = {arXiv:2002.03951},
	Title = {Noise Sensitivities for an Atom Shuttled by a Moving Optical Lattice via Shortcuts to Adiabaticity}}

@article{Jauregui2001,
	Author = {J\'auregui, R. and Poli, N. and Roati, G. and Modugno, G.},
	Journal = {Phys. Rev. A},
	Pages = {033403},
	Title = {Anharmonic parametric excitation in optical lattices},
	Volume = {64},
	Year = {2001}}

@article{Poli2002,
	Author = {Poli, N. and Brecha, R. J. and Roati, G. and Modugno, G.},
	Journal = {Phys. Rev. A},
	Pages = {021401},
	Title = {Cooling atoms in an optical trap by selective parametric excitation},
	Volume = {65},
	Year = {2002}}

@article{Zhang2015,
	Author = {Zhang, Q. and Chen, X. and Gu\'ery-Odelin, D.},
	Journal = {Phys. Rev. A},
	Pages = {043410},
	Title = {Fast and optimal transport of atoms with nonharmonic traps},
	Volume = {92},
	Year = {2015}}

@incollection{Torrontegui2013,
	Abstract = {Quantum adiabatic processes---that keep constant the populations in the instantaneous eigenbasis of a time-dependent Hamiltonian---are very useful to prepare and manipulate states, but take typically a long time. This is often problematic because decoherence and noise may spoil the desired final state, or because some applications require many repetitions. ``Shortcuts to adiabaticity'' are alternative fast processes which reproduce the same final populations, or even the same final state, as the adiabatic process in a finite, shorter time. Since adiabatic processes are ubiquitous, the shortcuts span a broad range of applications in atomic, molecular, and optical physics, such as fast transport of ions or neutral atoms, internal population control, and state preparation (for nuclear magnetic resonance or quantum information), cold atom expansions and other manipulations, cooling cycles, wavepacket splitting, and many-body state engineering or correlations microscopy. Shortcuts are also relevant to clarify fundamental questions such as a precise quantification of the third principle of thermodynamics and quantum speed limits. We review different theoretical techniques proposed to engineer the shortcuts, the experimental results, and the prospects.},
	Author = {Erik Torrontegui and Sara Ib{\'a}{\~n}ez and Sofia Mart{\'\i}nez-Garaot and Michele Modugno and Adolfo del Campo and David Gu{\'e}ry-Odelin and Andreas Ruschhaupt and Xi Chen and Juan Gonzalo Muga},
	Booktitle = {Adv.  At. Mol. Opt. Phys. },
	Editor = {E. Arimondo and P. R. Berman and C. C. Lin},
	Pages = {117 - 169},
	Publisher = {Academic Press},
	Title = {Chapter 2 - {S}hortcuts to Adiabaticity},
	Volume = {62},
	Year = {2013}}

@article{XChen2011,
	Author = {Chen, X. and Torrontegui, E. and Stefanatos, D. and Li, Jr-S. and Muga, J. G.},
	Journal = {Phys. Rev. A},
	Pages = {043415},
	Publisher = {American Physical Society},
	Title = {Optimal trajectories for efficient atomic transport without final excitation},
	Volume = {84},
	Year = {2011}}

@article{Murphy2009,
	Author = {Murphy, M. and Jiang, L. and Khaneja, N. and Calarco, T.},
	Journal = {Phys. Rev. A},
	Pages = {020301},
	Title = {High-fidelity fast quantum transport with imperfect controls},
	Volume = {79},
	Year = {2009}}

@article{Shumpei2009,
	Author = {M. Shumpei and N. Katsuhiro},
	Journal = {Proc. R. Soc. A},
	Pages = {1135-1154},
	Title = {Fast-forward of adiabatic dynamics in quantum mechanics},
	Volume = {466},
	Year = {2009}}

@article{Samoylenko2020,
	Abstract = {We report an experimental implementation of dynamical holographic tweezers for single trapped atoms. The tweezers are realized with dynamical phase holograms displayed on the liquid crystal spatial light modulator. We experimentally demonstrate the possibility to trap and move single rubidium atoms with such dynamic potentials, and study its limitations. Our results suggest that high probability transfer of single atoms in the tweezers may be performed in large steps, much larger then the trap waist. We discuss intensity-flicker in holographic traps and techniques for its suppression. Loss and heating rates in dynamic tweezers are measured and no excess loss or heating is observed in comparison with static traps.},
	Author = {S. R. Samoylenko and A. V. Lisitsin and D. Schepanovich and I. B. Bobrov and S. S. Straupe and S. P. Kulik},
	Journal = {Las. Phys. Lett.},
	Pages = {025203},
	Title = {Single atom movement with dynamic holographic optical tweezers},
	Volume = {17},
	Year = 2020}

@article{Couvert2008,
	Abstract = {We report the transport of ultracold atoms with optical tweezers in the non-adiabatic regime, i.e. on a time scale on the order of the oscillation period. We have found a set of discrete transport durations for which the transport is not accompanied by any excitation of the centre of mass of the cloud after the transport. We show that the residual amplitude of oscillation of the dipole mode is given by the Fourier transform of the velocity profile imposed to the trap for the transport. This formalism leads to a simple interpretation of our data and simple methods for optimizing trapped particles displacement in the non-adiabatic regime.},
	Author = {A. Couvert and T. Kawalec and G. Reinaudi and D. Gu{\'{e}}ry-Odelin},
	Date-Added = {2020-02-10 11:43:50 -0600},
	Journal = {Europhys. Lett.},
	Pages = {13001},
	Title = {Optimal transport of ultracold atoms in the non-adiabatic regime},
	Volume = {83},
	Year = 2008}

@article{Han2013,
	Abstract = {This work experimentally demonstrates a new method of optimizing the transport of cold atoms via modulating the velocity profile imposed on a magnetic quadrupole trap. The trap velocity and corresponding modulation are controlled by varying the currents of two pairs of anti-Helmholtz coils. Cold 87Rb atoms are transported in a non-adiabatic regime over 22 mm in 200 ms. For the transported atoms their final-vibration amplitude dependences of modulation period number, depth, and initial phase are investigated. With modulation period n=5, modulation depth K=0.55, and initial phase f=0, cold atom clouds with more atom numbers, smaller final-vibration amplitude, and lower temperature are efficiently transported. Theoretical analysis and numerical simulation are also provided, which are in good agreement with experimental results.},
	Author = {J.-S. Han and X.-P. Xu and H.-C. Zhang and Y.-Z. Wang},
	Journal = {Chin. Phys. B},
	Pages = {023702},
	Title = {Optimal transport of cold atoms by modulating the velocity of traps},
	Volume = {22},
	Year = 2013}

@article{Purdy2010,
	Author = {Purdy, T. P. and Brooks, D. W. C. and Botter, T. and Brahms, N. and Ma, Z.-Y. and Stamper-Kurn, D. M.},
	Journal = {Phys. Rev. Lett.},
	Pages = {133602},
	Title = {Tunable Cavity Optomechanics with Ultracold Atoms},
	Volume = {105},
	Year = {2010}}

@article{Gupta2007,
	Author = {Gupta, S. and Moore, K. L. and Murch, K. W. and Stamper-Kurn, D. M.},
	Journal = {Phys. Rev. Lett.},
	Pages = {213601},
	Title = {Cavity Nonlinear Optics at Low Photon Numbers from Collective Atomic Motion},
	Volume = {99},
	Year = {2007}}}

@article{Nakagawa2005,
	Author = {Nakagawa, K. and Suzuki, Y. and Horikoshi, M. and Kim, J.B.},
	Journal = {Appl. Phys. B},
	Pages = {791--794},
	Title = {Simple and efficient magnetic transport of cold atoms using moving coils for the production of {B}ose--{E}instein condensation},
	Volume = {81},
	Year = {2005}}

@article{Balik2009,
	Author = {Balik, S. and Win, A. L. and Havey, M. D.},
	Journal = {Phys. Rev. A},
	Pages = {023404},
	Title = {Imaging-based parametric resonance in an optical dipole-atom trap},
	Volume = {80},
	Year = {2009}}

@misc{Artiq,
	Date-Added = {2020-02-14 16:55:53 -0600},
	Date-Modified = {2020-02-14 17:04:57 -0600},
	Howpublished = {https://m-labs.hk/experiment-control/artiq/},
	Lastchecked = {2/14/2020},
	Url = {https://m-labs.hk/experiment-control/artiq/},
	Urldate = {2/14/2020},
	Bdsk-Url-1 = {https://m-labs.hk/experiment-control/artiq/}}

@article{Torrontegui2012,
	Author = {Torrontegui, E. and Chen, Xi and Modugno, M. and Ruschhaupt, A. and Gu\'ery-Odelin, D. and Muga, J. G.},
	Journal = {Phys. Rev. A},
	Pages = {033605},
	Title = {Fast transitionless expansion of cold atoms in optical Gaussian-beam traps},
	Volume = {85},
	Year = {2012}}

@article{Dowdall2020,
	Author = {T. Dowdall and A. Ruschhaupt},
	Journal = {arXiv:2002.05976},
	Title = {Transport of atoms across an optical lattice using an external harmonic potential},
year={2020}}


@article{Ding2020,
	Author = {Y. Ding and T. Huang and M. Hao and X. Chen},
year={2020},
	Journal = {arXiv:2002.11605},
	Title = {Smooth bang-bang shortcuts to adiabaticity for atomic transport in a moving harmonic trap}}

@article{Meng2018,
	Author = {Meng, Y. and Dareau, A. and Schneeweiss, P. and Rauschenbeutel, A.},
	Journal = {Phys. Rev. X},
	Pages = {031054},
	Title = {Near-Ground-State Cooling of Atoms Optically Trapped 300 nm Away from a Hot Surface},
	Volume = {8},
	Year = {2018}}

@article{Wang2019,
	Author = {Wang, K. and He, X. and Guo, R. and Xu, P. and Sheng, C. 
and Zhuang, J. and Xiong, Z. and Liu, M. and Wang, J. and Zhan, M.},
	Journal = {Phys. Rev. A},
	Pages = {063429},
	Title = {Preparation of a heteronuclear two-atom system in the three-dimensional ground state in an optical tweezer},
	Volume = {100},
	Year = {2019}}

@article{2012Arpornthip,
  title = {Vacuum-pressure measurement using a magneto-optical trap},
  author = {Arpornthip, T. and Sackett, C. A. and Hughes, K. J.},
  journal = {Phys. Rev. A},
  volume = {85}, 
  pages = {033420}, 
  year = {2012}
}


@article{Forster2009,
  title = {Microwave Control of Atomic Motion in Optical Lattices},
  author = {F\"orster, Leonid and Karski, Micha\l{} and Choi, Jai-Min and Steffen, Andreas and Alt, Wolfgang and Meschede, Dieter and Widera, Artur and Montano, Enrique and Lee, Jae Hoon and Rakreungdet, Worawarong and Jessen, Poul S.},
  journal = {Phys. Rev. Lett.},
  volume = {103}, 
  pages = {233001}, 
  year = {2009}}

@ARTICLE{KWang2019, 
author={K. Wang and  X. He and  R. Guo and  P. Xu and  C. Sheng and 
J. Zhuang and  Z. Xiong and  M. Liu and  J. Wang and M. Zhan}, 
journal={arXiv:1902.04284}, 
title={Preparation of a Hetero-nuclear Two-atom System in the 3{D} Motional Ground State
in an Optical Tweezer}, 
year={2019}, 
volume={},  
pages={}}



@ARTICLE{Kharkovsky2007, 
author={S. {Kharkovsky} and R. {Zoughi}}, 
journal={IEEE Instr. Meas. Mag.}, 
title={Microwave and millimeter wave nondestructive testing and evaluation - Overview and recent advances}, 
year={2007}, 
volume={10},  
pages={26-38}}

@ARTICLE{Holloway2014, 
author={C. L. {Holloway} and J. A. {Gordon} and S. {Jefferts} and A. {Schwarzkopf} and D. A. {Anderson} and S. A. {Miller} and N. {Thaicharoen} and G. {Raithel}}, 
journal={IEEE Trans  Ant. and Prop.}, 
title={Broadband {R}ydberg Atom-Based Electric-Field Probe for {SI}-Traceable, Self-Calibrated Measurements}, 
year={2014}, 
volume={62},  
pages={6169-6182}}




@article{Zhankui1991,
  
author={J.  Zhankui and J. Larsson},
 
title={Perturbations in the $np\, ^{1,3}\!{P}$ {R}ydberg sequences of neutral {Y}b probed
by {Z}eeman-effect and lifetime measurements},

journal={Z. Phys. D},
 
volume={22},
  
pages={387},

year={1991}}



@article{Baumann1985,
  
author={M. Baumann and M. Braun and A. Gaiser and H. Liening},
 
title={Radiative lifetimes and $g_{J}$ factors of low-lying even-parity levels in the {Y}b {I} spectrum},

journal={Jour. Phys. B: Atom. Mol. Phys.},
 
volume={18},
  
pages={L601},

year={1985}}

@article{Vidolova-Angelova1982,
  title = {Application of model potential method in calculating
{R}ydberg states of rare-earth elements {T}m, {Y}b, {L}u and
their ions},
  author = {E. P. Vidolova-Angelova and L. N. Ivanov and V. S. Letokhov},
  journal = {J. Phys. B},
  volume = {15},
  pages = {981},
  year = {1982}}
	
@article{Maeda1992,
  title = {Optical-microwave double resonance spectroscopy of highly excited {R}ydberg 
states of ytterbium},
  author = {H. Maeda and Y. Matsuo and M. Takami and A. Suzuki},
  journal = {Phys. Rev. A},
  volume = {45},
  pages = {1732},
  year = {1992}
}

@article{Lehec2018,
  title = {Laser and microwave spectroscopy of even-parity {R}ydberg states of neutral ytterbium and multichannel-quantum-defect-theory analysis},
  author = {Lehec, H. and Zuliani, A. and Maineult, W. and Luc-Koenig, E. and Pillet, P. and Cheinet, P. and Niyaz, F. and Gallagher, T. F.},
  journal = {Phys. Rev. A},
  volume = {98},
  pages = {062506},
  year = {2018}
}


@article{Savukov2002,
  title = {Combined configuration-interaction and many-body-perturbation-theory calculations
of energy levels and transition amplitudes in {B}e, {M}g, {C}a, and {S}r},
  author = {I. M. Savukov and W. R. Johnson},
  journal = {Phys. Rev. A},
  volume = {65},
  pages = {042503},
  year = {2002}
}

@article{Russell1925,
  title = {New regularities in the spectra of the alkaline earths},
  author = {H. N. Russell and F. A. Saunders},
  journal = {Astr. Phys. J.},
  volume = {61},
  pages = {38},
  year = {1925}}

@article{Russell1929,
  title = {Report on notation for atomic spectra},
  author = {H. N. Russell and A. G. Shenstone and L. A. Turner},
  journal = {Phys. Rev.},
  volume = {33},
  pages = {900},
  year = {1929}}

@article{RPohl2010,
  title = {The size of the proton},
  author = {R. Pohl and  A. Antognini and  F. Nez and  F.  D. Amaro and  F. Biraben and J. M. R. Cardoso and 
D. S. Covita and  A.  Dax and  S. Dhawan and  L. M. P. Fernandes and 
 A.  Giesen and  T. Graf and T. W. H\"ansch and P. Paul Indelicato and  L.  Julien
and  C.-Y. Kao and P. Knowles and E.-O. Le Bigot and 
Y.-W. Liu and J.  A. M. Lopes and L.  Ludhova and C.  M. B. Monteiro and F.  Mulhauser and T. Nebel and 
P. Rabinowitz and J.  M. F. dos Santos and L.  A. Schaller and  K.  Schuhmann and C.  Schwob and D. Taqqu
and J. F. C. A. Veloso and F.  Kottmann},
  journal = {Nature},
  volume = {466},
  pages = {213},
  year = {2010}}

@article{Pachucki1996,
  title = {Theory of the {L}amb shift in muonic hydrogen},
  author = {K. Pachucki},
  journal = {Phys. Rev. A},
  volume = {53},
  pages = {2092},
  year = {1996}}

@article{Newton1979,
  title = {A Precision Determination of the {L}amb Shift in Hydrogen},
  author = {G. Newton and D. A. Andrews and P. J. Unsworth},
  journal = {Phil. Trans. Roy. Soc. A},
  volume = {290},
  pages = {373},
  year = {1979}}

@article{Sompet2017,
  title = {Zeeman-insensitive cooling of a single atom to its two-dimensional motional ground state in tightly focused optical tweezers},
  author = {Sompet, P. and Fung, Y. H. and Schwartz, E. and Hunter, M. D. J. and Phrompao, J. and Andersen, M. F.},
  journal = {Phys. Rev. A},
  volume = {95},
  pages = {031403},
  year = {2017}
}


@article{Vangeleyn2009,
author = {M. Vangeleyn and P. F. Griffin and E. Riis and A. S. Arnold},
journal = {Opt. Expr.}, 
pages = {13601--13608},
title = {Single-laser, one beam, tetrahedral magneto-optical trap},
volume = {17},
year = {2009}
}


@article{Feynman1957,
  title = {Geometrical Representation of the {S}chr\"odinger Equation
for Solving Maser Problems},
  author = {R. P. Feynman and F. L. Vernon and R. W. Hellwarth},
  journal = {J. Appl. Phys.},
  volume = {28},
  pages = {49},
  year = {1957}
}



@article{Lombardi2007,
  title = {{NIST} Primary Frequency Standards
and the Realization of the {SI} Second},
  author = {M. A. Lombardi and  T. P. Heavner and S. R. Jefferts},
  journal = {Measure},
  volume = {2},
  pages = {74},
  year = {2007}
}

@article{Katori2009,
  title = {Magic Wavelength to Make Optical Lattice Clocks Insensitive to Atomic Motion},
  author = {Katori, H. and Hashiguchi, K. and Il'inova, E. Yu. and Ovsiannikov, V. D.},
  journal = {Phys. Rev. Lett.},
  volume = {103},
  pages = {153004},
  year = {2009}
}


@article{Berninger2013,
  title = {Feshbach resonances, weakly bound molecular states, and coupled-channel potentials for cesium at high magnetic fields},
  author = {Berninger, M. and Zenesini, A. and Huang, B. and Harm, W. and N\"agerl, H.-C. and Ferlaino, F. and Grimm, R. and Julienne, P. S. and Hutson, J. M.},
  journal = {Phys. Rev. A},
  volume = {87}, 
  pages = {032517}, 
  year = {2013}
}

@article{Poli2013,
  title = {Optical atomic clocks},
  author = {N. Poli and  C. W. Oates and  P. Gill and  G. M. Tino},
  journal = {Riv. Nuovo Cim.},
  volume = {36}, 
  pages = {555}, 
  year = {2013}
}


@article{Riedmann2012,
  title = {Beating the density limit by continuously loading a dipole trap from millikelvin-hot magnesium atoms},
  author = {Riedmann, M. and Kelkar, H. and W\"ubbena, T. and Pape, A. and Kulosa, A. and Zipfel, K. and Fim, D. and R\"uhmann, S. and Friebe, J. and Ertmer, W. and Rasel, E.},
  journal = {Phys. Rev. A},
  volume = {86}, 
  pages = {043416}, 
  year = {2012}
}


@article{Derevianko2001,
  title = {Feasibility of Cooling and Trapping Metastable Alkaline-Earth Atoms},
  author = {Derevianko, A.},
  journal = {Phys. Rev. Lett.},
  volume = {87}, 
  pages = {023002}, 
  year = {2001}
}



@article{HLi2017,
  title = {Anisotropic optical trapping as a manifestation of the complex electronic structure of ultracold lanthanide atoms: The example of holmium},
  author = {Li, H. and Wyart, J.-F. and Dulieu, O. and Lepers, M.},
  journal = {Phys. Rev. A},
  volume = {95},
  pages = {062508}, 
  year = {2017}
}


@article{Rosenfeld2011,
  title = {Coherence of a qubit stored in {Z}eeman levels of a single optically trapped atom},
  author = {Rosenfeld, W. and Volz, J. and Weber, M. and Weinfurter, H.},
  journal = {Phys. Rev. A},
  volume = {84},
  pages = {022343},
  year = {2011}
}


@article{Ilin2005, 
author={K. Il'in and  M. Siegel and  A. Semenov and  A. Engel and H. W. H\"ubers}, 
journal={Phys. Stat. Sol. (c)}, 
title={Critical current of {N}b and {N}b{N} thin-film structures: The cross-section dependence}, 
year={2005}, 
volume={2}, 
pages={1680}}


@article{PhysRevLett.98.233601,
  title = {Deterministic Loading of Individual Atoms to a High-Finesse Optical Cavity},
  author = {Fortier, Kevin M. and Kim, Soo Y. and Gibbons, Michael J. and Ahmadi, Peyman and Chapman, Michael S.},
  journal = {Phys. Rev. Lett.},
  volume = {98},
  issue = {23},
  pages = {233601},
  numpages = {4},
  year = {2007},
  month = {Jun},
  publisher = {American Physical Society},
  doi = {10.1103/PhysRevLett.98.233601},
  url = {https://link.aps.org/doi/10.1103/PhysRevLett.98.233601}
}


@article{Chou2010,
  title = {Frequency Comparison of Two High-Accuracy ${\mathrm{Al}}^{+}$ Optical Clocks},
  author = {Chou, C. W. and Hume, D. B. and Koelemeij, J. C. J. and Wineland, D. J. and Rosenband, T.},
  journal = {Phys. Rev. Lett.},
  volume = {104},
  pages = {070802}, 
  year = {2010}
}


@article{Essen1955,
  title = {An Atomic Standard of Frequency and Time Interval: A {C}aesium Resonator},
  author = {L. Essen and J. V. L. Parry},
  journal = {Nature},
  volume = {176},
  pages = {280},
  year = {1955}}

@article{Jefferts2007,
  title = {{NIST} {C}esium fountains - current status and future prospects},
  author = {S. R. Jefferts and T. P. Heavner and T. E. Parker and J. H. Shirley},
  journal = {Act. Phys. Pol. A},
  volume = {112},
  pages = {759},
  year = {2007}}

@article{Sullivan2001,
  title = {{NIST} {C}esium fountains - current status and future prospects},
  author = {D. B. Sullivan and  J. C. Bergquist and J. J. Bollinger and  R. E. Drullinger 
and W. M. Itano and  S. R. Jefferts and  W. D. Lee and  D. Meekhof and  T. E. Parker and 
F. L. Walls and D. J. Wineland},
  journal = {J. Res. Natl. Inst. Stand. Technol.},
  volume = {106},
  pages = {47},
  year = {2001}}

@article{Udem2002,
  title = {Optical frequency metrology},
  author = {Th. Udem and R. Holzwarth and T. W. H\"aensch},
  journal = {Nature},
  volume = {416},
  pages = {233},
  year = {2002}}



@article{Raab1987,
  title = {Trapping of Neutral Sodium Atoms with Radiation Pressure},
  author = {Raab, E. L. and Prentiss, M. and Cable, A. and Chu, S. and Pritchard, D. E.},
  journal = {Phys. Rev. Lett.},
  volume = {59},
  pages = {2631},
  year = {1987}
}



@article{Fock1930,
  title = {N\"aherungsmethode zur {L}\"osung des quantenmechanischen
{M}ehrk\"orperproblems},
  author = {V. Fock},
  journal = {Z. f. Phys.},
  volume = {61},
  pages = {126},
  year = {1930}}

@article{Hartree1928,
  title = {Wave mechanics of an atom with a non-{C}oulomb central field. I. Theory and methods. II. Some results and discussion},
  author = {D. R. Hartree},
  journal = {Proc. Cam. Philos. Soc.},
  volume = {24},
  pages = {89},
  year = {1928}}


@article{Madhok2014,
  title = {Information Gain in Tomography - A Quantum Signature of Chaos},
  author = {Madhok, V. and Riofr\'{\i}o, C. A. and Ghose, S. and Deutsch, I. H.},
  journal = {Phys. Rev. Lett.},
  volume = {112},
  pages = {014102},
  year = {2014}}

@article{Kalev2015,
  title = {Quantum tomography protocols with positivity are compressed sensing protocols},
  author = {A. Kalev and R. L. Kosut and I. H. Deutsch},
  journal = {NPJ Quant. Infor.},
  volume = {1},
  pages = {15018},
  year = {2015}}


@article{Weidner2017,
  title = {Atom interferometry using a shaken optical lattice},
  author = {Weidner, C. A. and Yu, H. and Kosloff, R. and Anderson, D. Z.},
  journal = {Phys. Rev. A},
  volume = {95},
  pages = {043624},
  year = {2017}}


@article{Gaunt1929,
  title = {{IV}. {T}he triplets of {H}elium},
  author = {J. A. Gaunt},
  journal = {Proc. Roy. Soc. A},
  volume = {228},
  pages = {151},
  year = {1929}}

@article{Khadjavi1968,
  title = {Stark Effect in the Excited States of {R}b, {C}s, {C}d, and {H}g},
  author = {Khadjavi, A. and Lurio, A. and Happer, W.},
  journal = {Phys. Rev.},
  volume = {167}, 
  pages = {128},
  numpages = {0},
  year = {1968}
}


@article{Kutzelnigg1996,
  title = {Hund's rules},
  author = {W. Kutzelnigg and J. D. Morgan-III},
  journal = {Z. Phys. D},
  volume = {36}, 
  pages = {197}, 
  year = {1996}
}

@article{Hund1925,
  title = {Zur {D}eutung verwickelter {S}pektren, insbesondere der {E}lemente {S}candium bis {N}ickel },
  author = {F. Hund},
  journal = {Z. Phys.},
  volume = {33}, 
  pages = {345}, 
  year = {1925}
}

@article{Hund1925b,
  title = {{A}tomtheoretische {D}eutung des {M}agnetismus der seltenen {E}rden},
  author = {F. Hund},
  journal = {Z. Phys.},
  volume = {33}, 
  pages = {855}, 
  year = {1925}
}

@article{Slater1929,
  title = {The Theory of Complex Spectra},
  author = {Slater, J. C.},
  journal = {Phys. Rev.},
  volume = {34}, 
  pages = {1293--1322}, 
  year = {1929}
}


@article{Heisenberg1926,
  title = {\"Uber die {S}pektra von {A}tomsystemen mit zwei {E}lektronen},
  author = {W. Heisenberg},
  journal = {Z. f. Phys.},
  volume = {39},
  pages = {499},
  year = {1926}}




@article{Barger1969,
  title = {Pressure Shift and Broadening of Methane Line at 3.39 $\ensuremath{\mu}$ Studied by Laser-Saturated Molecular Absorption},
  author = {Barger, R. L. and Hall, J. L.},
  journal = {Phys. Rev. Lett.},
  volume = {22}, 
  pages = {4--8}, 
  year = {1969}
}

@article{Allard1982,
  title = {The effect of neutral nonresonant collisions on atomic spectral lines},
  author = {N. Allard and J. Kielkopf},
  journal = {Rev. Mod. Phys.},
  volume = {54},
  pages = {1103},
  year = {1982}}



@article{Lewis1980,
  author = {E. L. Lewis},
  title = {COLLISIONAL RELAXATION OF ATOMIC EXCITED
STATES, LINE BROADENING AND
INTERATOMIC INTERACTIONS},
  journal = {Phys. Rep.},
  volume = {58},
  pages = {1},
  year = {1980}}






@article{Henningsen2000,

title = "The (22$^0$1-00$^0$0) Band of {CO}$_2$ at 6348 cm$^{-1}$:
 Linestrengths, Broadening Parameters, and Pressure Shifts",

journal = "J. Mol. Spectr.",

volume = "203",

pages = "16 - 27",

year = "2000",
author = "J. Henningsen and H. Simonsen"

}

@article{Himsworth2010,
  title = {Rubidium pump-probe spectroscopy: Comparison between {\it ab initio} theory and experiment},
  author = {M. Himsworth and T. Freegarde},
  journal = {Phys. Rev. A},
  volume = {81},
  pages = {023423},
  year = {2010}}

@article{Glaetzle2017,
  title = {Quantum Spin Lenses in Atomic Arrays},
  author = {Glaetzle, A. W. and Ender, K. and Wild, D. S. and Choi, S. and Pichler, H. and Lukin, M. D. and Zoller, P.},
  journal = {Phys. Rev. X},
  volume = {7},
  pages = {031049},
  year = {2017}
}


@article{Zeytinoglu2017,
  title = {Atomically thin semiconductors as nonlinear mirrors},
  author = {Zeytino\ifmmode \check{g}\else \v{g}\fi{}lu, S. and Roth, C. and Huber, S. 
and \ifmmode \dot{I}\else \.{I}\fi{}mamo\ifmmode \breve{g}\else \u{g}\fi{}lu, A.},
  journal = {Phys. Rev. A},
  volume = {96}, 
  pages = {031801}, 
  year = {2017}
}

@article{ZYu2017,
  title = {Enhancing the optical cross section of quantum antenna},
  author = {Liu, J. and Zhou, M. and Ying, L. and Chen, X. and Yu, Z.},
  journal = {Phys. Rev. A},
  volume = {95},
  pages = {013814}, 
  year = {2017}
}


@article{BXWang2017,
author = {B. X. Wang and C. Y. Zhao and Y. H. Kan and T. C. Huang},
journal = {Opt. Expr.},
pages = {18760--18773}, 
title = {Design of metasurface polarizers based on two-dimensional cold atomic arrays},
volume = {25}, 
year = {2017}}

@article{Robicheaux2017,
  title = {Atomic mirror resonators},
  author = {F. Robicheaux and M. Saffman},
  note = {Manuscript in preparation.},
  volume = {}, 
  pages = {}, 
  year = {2017}
}

@article{Kaufman2012,
  title = {Cooling a Single Atom in an Optical Tweezer to Its Quantum Ground State},
  author = {Kaufman, A. M. and Lester, B. J. and Regal, C. A.},
  journal = {Phys. Rev. X},
  volume = {2}, 
  pages = {041014}, 
  year = {2012}
}

@article{Thompson2013b,
  title = {Coherence and {R}aman Sideband Cooling of a Single Atom in an Optical Tweezer},
  author = {Thompson, J. D. and Tiecke, T. G. and Zibrov, A. S. and Vuleti\ifmmode \acute{c}\else \'{c}\fi{}, V. and Lukin, M. D.},
  journal = {Phys. Rev. Lett.},
  volume = {110}, 
  pages = {133001}, 
  year = {2013}
}



@article{Gillen2009,
  title = {Two-dimensional quantum gas in a hybrid surface trap},
  author = {Gillen, J. I. and Bakr, W. S. and Peng, A. and Unterwaditzer, P. and F\"olling, S. and Greiner, M.},
  journal = {Phys. Rev. A},
  volume = {80}, 
  pages = {021602}, 
  year = {2009}
}

@article{Vaishnav2008,
author = {B. Vaishnav and D. S. Weiss},
journal = {Opt. Lett.},
pages = {375--377},
title = {Site-resolved {B}ragg scattering},
volume = {33},
year = {2008}}


@article{Nelson2007,
author={K. D. Nelson and X. Li and D. S. Weiss},
title={Imaging single atoms in a three-dimensional array},
Journal={Nat. Phys.},
volume={3},
pages={556-560},
year={2007}
}

@article{PhysRevA.96.043811,
  title = {Markovian and non-Markovian dynamics of quantum emitters coupled to two-dimensional structured reservoirs},
  author = {Gonz\'alez-Tudela, A. and Cirac, J. I.},
  journal = {Phys. Rev. A},
  volume = {96},
  issue = {4},
  pages = {043811},
  numpages = {20},
  year = {2017},
  month = {Oct},
  publisher = {American Physical Society},
  doi = {10.1103/PhysRevA.96.043811},
  url = {https://link.aps.org/doi/10.1103/PhysRevA.96.043811}
}


@article{HLSorensen2016,
  title = {Coherent Backscattering of Light Off One-Dimensional Atomic Strings},
  author = {S\o{}rensen, H. L. and B\'eguin, J.-B. and Kluge, K. W. and Iakoupov, I. and S\o{}rensen, A. S. and M\"uller, J. H. and Polzik, E. S. and Appel, J.},
  journal = {Phys. Rev. Lett.},
  volume = {117}, 
  pages = {133604}, 
  year = {2016}
}

@article{Reimann2015,
  title = {Cavity-Modified Collective {R}ayleigh Scattering of Two Atoms},
  author = {Reimann, R. and Alt, W. and Kampschulte, T. and Macha, T. and Ratschbacher, L. and Thau, N. and Yoon, S. and Meschede, D.},
  journal = {Phys. Rev. Lett.},
  volume = {114}, 
  pages = {023601}, 
  year = {2015}
}


@article{PhysRev.93.99,
  title = {Coherence in Spontaneous Radiation Processes},
  author = {Dicke, R. H.},
  journal = {Phys. Rev.},
  volume = {93},
  issue = {1},
  pages = {99--110},
  numpages = {0},
  year = {1954},
  month = {Jan},
  publisher = {American Physical Society},
  doi = {10.1103/PhysRev.93.99},
  url = {https://link.aps.org/doi/10.1103/PhysRev.93.99}
}

@article{DeVoe1996,
  title = {Observation of Superradiant and Subradiant Spontaneous Emission of Two Trapped Ions},
  author = {DeVoe, R. G. and Brewer, R. G.},
  journal = {Phys. Rev. Lett.},
  volume = {76}, 
  pages = {2049--2052}, 
  year = {1996}
}




@article{Chang2012,

  author={D E Chang and L Jiang and A V Gorshkov and H J Kimble},
 
 title={Cavity {QED} with atomic mirrors},
  journal={New J. Phys.},
 
 volume={14},
  number={6},
  pages={063003},
  
 year={2012}}

@article{Perczel2017,
  title = {Topological Quantum Optics in Two-Dimensional Atomic Arrays},
  author = {Perczel, J. and Borregaard, J. and Chang, D. E. and Pichler, H. and Yelin, S. F. and Zoller, P. and Lukin, M. D.},
  journal = {Phys. Rev. Lett.},
  volume = {119}, 
  pages = {023603}, 
  year = {2017}
}

@article{Bettles2017,
  title = {Topological properties of a dense atomic lattice gas},
  author = {Bettles, R. J. and Min\'a\ifmmode \check{r}\else \v{r}\fi{}, 
J. and Adams, C. S. and Lesanovsky, I. and Olmos, B.},
  journal = {Phys. Rev. A},
  volume = {96},
  pages = {041603},
  year = {2017}}


@article{PhysRevA.96.031801,
  title = {Atomically thin semiconductors as nonlinear mirrors},
  author = {Zeytino\ifmmode \check{g}\else \v{g}\fi{}lu, Sina and Roth, Charlaine and Huber, 
Sebastian and \ifmmode \dot{I}\else \.{I}\fi{}mamo\ifmmode \breve{g}\else \u{g}\fi{}lu, Atac},
  journal = {Phys. Rev. A},
  volume = {96},
  issue = {3},
  pages = {031801},
  numpages = {5},
  year = {2017},
  month = {Sep},
  publisher = {American Physical Society},
  doi = {10.1103/PhysRevA.96.031801},
  url = {https://link.aps.org/doi/10.1103/PhysRevA.96.031801}
}


@article{Sutherland2016,
  title = {Collective dipole-dipole interactions in an atomic array},
  author = {Sutherland, R. T. and Robicheaux, F.},
  journal = {Phys. Rev. A},
  volume = {94},
  pages = {013847},
  year = {2016}
}

@article{Facchinetti2016,
  title = {Storing Light with Subradiant Correlations in Arrays of Atoms},
  author = {Facchinetti, G. and Jenkins, S. D. and Ruostekoski, J.},
  journal = {Phys. Rev. Lett.},
  volume = {117}, 
  pages = {243601}, 
  year = {2016}
}


@article{Plankensteiner2017,
  title = {Cavity Antiresonance Spectroscopy of Dipole Coupled Subradiant Arrays},
  author = {Plankensteiner, D. and Sommer, C. and Ritsch, H. and Genes, C.},
  journal = {Phys. Rev. Lett.},
  volume = {119}, 
  pages = {093601}, 
  year = {2017}
}

@article{Asenjo-Garcia2017,
  title = {Exponential Improvement in Photon Storage 
Fidelities Using Subradiance and ``Selective Radiance'' in Atomic Arrays},
  author = {Asenjo-Garcia, A. and Moreno-Cardoner, M. and Albrecht, A. and Kimble, H. J. and Chang, D. E.},
  journal = {Phys. Rev. X},
  volume = {7}, 
  pages = {031024}, 
  year = {2017}
}


@article{Shahmoon2017,
  title = {Cooperative Resonances in Light Scattering from Two-Dimensional Atomic Arrays},
  author = {Shahmoon, E. and Wild, D. S. and Lukin, M. D. and Yelin, S. F.},
  journal = {Phys. Rev. Lett.},
  volume = {118},
  pages = {113601},
  year = {2017},
  month = {Mar}
}

@article{Mukherjee2011,
  
author={R. Mukherjee and J. Millen and R. Nath and M. P. A. Jones and T. Pohl},

  title={Many-body physics with alkaline-earth {R}ydberg lattices},
  
journal={J. Phys. B: At. Mol. Opt. Phys},
 
 volume={44},
 
  
pages={184010},
   
year={2011}}



@article{Frisch2014,
  title = {Quantum chaos in ultracold collisions of gas-phase erbium atoms},
  author = {A. Frisch and M. Mark and K. Aikawa and F. Ferlaino and J. L. Bohn and C. Makrides and 
A.  Petrov and S. Kotochigova},
  journal = {Nature},
  volume = {507},
  pages = {475},
  year = {2014}}

@article{Schmitt2016,
  title = {Self-bound droplets of a dilute magnetic quantum liquid},
  author = {M. Schmitt and M. Wenzel and F. B\"ottcher and I. Ferrier-Barbut and T. Pfau},
  journal = {Nature},
  volume = {539},
  pages = {259},
  year = {2016}}

@article{Beer1852,
  title = {Bestimmung der {A}bsorption des rothen {L}ichts in farbigen {F}l\"ussigkeiten},
  author = {A. Beer},
  journal = {Ann. d. Phys. und Chem.},
  volume = {86},
  pages = {78},
  year = {1852}}

@article{Dirac1927,
  title = {The quantum theory of the emission and absorption of radiation},
  author = {P. A. M. Dirac},
  journal = {Proc. Roy. Soc.},
  volume = {114},
  pages = {243},
  year = {1927}}



@article{Gentile1990,
  title = {Microwave spectroscopy of calcium {R}ydberg states},
  author = {Gentile, T. R. and Hughey, B. J. and Kleppner, Daniel and Ducas, T. W.},
  journal = {Phys. Rev. A},
  volume = {42}, 
  pages = {440--451}, 
  year = {1990}
}



  	
@article{Post1985,
  author={B. H. Post and W. Vassen and W. Hogervorst and M. Aymar and O. Robaux},
 
 title={Odd-parity {R}ydberg levels in neutral barium: term values and multichannel quantum defect theory analysis},
  
journal={Journal of Physics B: Atomic and Molecular Physics},
  volume={18},
   
  pages={187},
  
  year={1985},
}

  	
@article{Mauger2007,
  
author={S. Mauger and J. Millen and M. P. A. Jones},
  
title={Spectroscopy of strontium {R}ydberg states using electromagnetically induced transparency},
 
 journal={J. Phys. B: At. Mol. Opt. Phys},
 
 volume={40},
 
 pages={F319},
  
year={2007}
}


@article{Cooke1978,
  title = {Doubly Excited Autoionizing {R}ydberg States of {S}r},
  author = {Cooke, W. E. and Gallagher, T. F. and Edelstein, S. A. and Hill, R. M.},
  journal = {Phys. Rev. Lett.},
  volume = {40},
  pages = {178--181},
  year = {1978}
}




@article{Beigang1982,
  
author={R. Beigang and K. L\"ucke and D. Schmidt and A. Timmermann and P. J. West},

  title={One-Photon Laser Spectroscopy of {R}ydberg Series from Metastable Levels in {C}alcium and {S}trontium},

  journal={Phys. Scr.},

  volume={26},
   
  pages={183},
   
 year={1982}
}

@article{Beigang1981,

title = "Two-photon spectroscopy of 3snd 1D2 {R}ydberg states of magnesium {I}",

journal = "Phys. Lett. A",

volume = "87",

pages = "21 - 23",

year = "1981",

author = "R. Beigang and D. Schmidt"

}



@article{Ray1988,

  author={D. Ray and B. Kundu and P. K. Mukherjee},
  
title={Rydberg states and spin-forbidden transitions of the beryllium isoelectronic sequence},

  journal={J. Phys. B: At. Mol. Opt. Phys.},
 
 volume={21},
 
pages={3191},

  
year={1988}
}


@article{Yoshida2006,
  title = {Analysis of $1s(2s2p^{3}P)nl$ Rydberg states in the ${K}$-shell photoionization of the {B}e atom},
  author = {Yoshida, F. and Matsuoka, L. and Takashima, R. and Nagata, T. and Azuma, Y. and Obara, S. and Koike, F. and Hasegawa, S.},
  journal = {Phys. Rev. A},
  volume = {73}, 
  pages = {062709}, 
  year = {2006}
}




@article{Wehlitz2007,
  
author={R. Wehlitz and D. Lukic and P. N. Juranic},
 
 title={Observation of a new 3s$^2 \rightarrow$ 3pnd double-excitation {R}ydberg series in ground-state magnesium},

  journal={J. Phys. B: At. Mol. Opt. Phys},
  volume={40},
   
 pages={2385},
  
  year={2007}
}


  	
@article{Aymar1984,

author={M. Aymar and R. J. Champeau and C. Delsart and O. Robaux},
 
title={Three-step laser spectroscopy and multichannel quantum defect analysis of 
odd-parity {R}ydberg states of neutral ytterbium},
  
journal={J. Phys. B: At. Mol. Opt. Phys},
 
volume={17},
  
pages={3645},
    
year={1984}
}



@article{Ali1999,
 
 author={R. Ali and M. Yaseen and A. Nadeem and S. A. Bhatti and M. A. Baig},
 
 title={Two-colour three-photon excitation of the 6snf$^{1,3}${F}$_3$ and 
6snp$^1${P}$_1$ , $^3${P}$_{1,2}$ {R}ydberg levels of {Y}b {I}},
 
 journal={J. Phys. B: At. Mol. Opt. Phys},
 
 volume={32},
 
  pages={953},
   
year={1999}
}


  	
@article{ZDai2003,
  
author={Z. Dai and J. Zhankui and H. Xu and Z. Zhiguo and S. Svanberg and E. Bi\'emont and P. H. Lef\`ebvre and P. Quinet},
 
 title={Time-resolved laser-induced fluorescence measurements of {R}ydberg states in {L}u {I} and comparison with theory},
 
 journal={J. Phys. B: At. Mol. Opt. Phys},
 
 volume={36},
   

  pages={479},
   
 year={2003}
}



@article{Vidolova-Angelova1989,
author = {E. P. Vidolova-Angelova and D. A. Angelov and T. B. Krustev and S. T. Mincheva},
journal = {J. Opt. Soc. Am. B},
pages = {2295--2299},
title = {Laser spectroscopy measurement of radiative lifetimes of highly excited thulium {R}ydberg states},
year = {1989}
}







@article{WGJin2011,
author = { W.-G. Jin and  Hiroaki Ono and  T. Minowa},

title = {Hyperfine Structure and Isotope Shift in High-Lying Levels of {G}d {I}},

journal = {J. Phys. Soc. Japan},

volume = {80},

pages = {124301},

year = {2011}

}

@article{Nortershauser2000,
  title = {Double-resonance measurements of isotope shifts and hyperfine structure in {G}d {I} with hyperfine-state selection in an intermediate level},
  author = {N\"ortersh\"auser, W. and Bushaw, B. A. and Blaum, K.},
  journal = {Phys. Rev. A},
  volume = {62}, 
  pages = {022506}, 
  year = {2000}
}



@Article{Shah2014,
author="Shah, M.L.
and Sahoo, A.C.
and Pulhani, A.K.
and Gupta, G.P.
and Suri, B.M.
and Dev, Vas",

title="Investigations of high-lying even-parity energy levels of atomic samarium using simultaneous observation of two-color laser-induced fluorescence and photoionization signals",

journal="Eur. Phys. J.  D",

year="2014",
volume="68",

pages="235"}

  	
@article{YHZhao2011,
  author={Y.-H. Zhao and C.-J. Dai and S.-W. Ye},
 
 title={Study on even-parity highly excited states of the {S}m atom},
  
journal={J. Phys. B: At. Mol. Opt. Phys.},
 
 volume={44},
  
  pages={195001},

  year={2011},
}

@article{Bhattacharyya2007,
  title = {Odd-parity ${J}=11/2$ autoionizing {R}ydberg series of europium below the $5d$ $^{9}{D}_{4}$ threshold: {S}pectroscopy and multichannel quantum-defect-theory analysis},
  author = {Bhattacharyya, S. and Razvi, M. A. N. and Cohen, S. and Nakhate, S. G.},
  journal = {Phys. Rev. A},
  volume = {76}, 
  pages = {012502}, 
  year = {2007}
}


  	
@article{XWang2012,
  
author={X. Wang and L. Shen and C.-J. Dai},
  title={Interaction among different 
{R}ydberg series of the europium atom},
  journal={J. Phys. B: At. Mol. Opt. Phys.},
 
 volume={45},
  pages={165001},
  year={2012},
}


  	
@article{Wen-Jie2009,
  author={Q. Wen-Jie and D. Chang-Jian 
and X. Ying and Z. Hong-Ying},
 
 title={Experimental study of highly excited even-parity bound states of the {S}m atom},
  journal={Chin. Phys. B},
 
 volume={18},
  
 pages={3384},
   year={2009},
}	
  	
@article{Zinkstok2002,
  
author={R. Zinkstok and E. J. van Duijn and S. Witte and W. Hogervorst},

  title={Hyperfine structure and isotope shift of transitions in {Y}b {I} using {UV} and deep-{UV} cw laser light and the angular 
distribution of fluorescence radiation},
  journal={J. Phys. B: At. Mol. Opt. Phys.},
 
 volume={35},
   
 pages={2693},
  
year={2002}} 


  	
@article{Camus1980,
  author={P. Camus and A. Debarre and C. Morillon},
title={Highly excited levels of neutral ytterbium. 
{I}. Two-photon and two-step spectroscopy of even spectra},
journal={J. Phys. B: At. Mol. Opt. Phys.},
  volume={13},
  number={6},
  pages={1073},  
  year={1980}}

@article{RLi2017,
  title = {Even-parity {R}ydberg and autoionizing states of lutetium by laser resonance-ionization spectroscopy},
  author = {Li, R. and Lassen, J. and Zhong, Z. P. and Jia, F. D. and Mostamand, M. and Li, X. K. and Reich, B. B. and Teigelh\"ofer, A. and Yan, H.},
  journal = {Phys. Rev. A},
  volume = {95},
  pages = {052501},
  year = {2017}
}


@article{Ogawa1999,
  title = {Study of even-parity autoionization states of {L}utetium atom by atomic beam laser resonance ionization spectroscopy},
  author = {Y. Ogawa and O. Kujirai},
  journal = {J. Phys. Soc. Jpn.},
  volume = {68},
  pages = {428},
  year = {1999}}

@Article{Studer2016,

author="Studer, D.
and Dyrauf, P.
and Naubereit, P.
and Heinke, R.
and Wendt, K.",

title="Resonance ionization spectroscopy in dysprosium",
journal="Hyp. Inter.",
year="2016", 

volume="238",}


@article{XXu1992,
  title = {{RIMS} studies of high {R}ydberg and autoionizing states of the rare-earth element {D}y},
  author = {X. Y. Xu and H. J. Zhou and W. Huang and D. Y. Chen},
  journal = {Inst. Phys. Conf. Ser.},
  volume = {128},
  pages = {71},
  year = {1992}}


@article{Ankush2013,
author={B. K. Ankush and M. N. Deo}, 
title={Experimental Studies on Electronic Configuration Mixing for the Even-Parity Levels of {G}d {I} Using 
Isotope Shifts Recorded in the Visible Region with {FTS}},
journal={J. Spectros.},
volume ={2013},
pages={741020},
year={2013}}



@article{Miyabe1998,

  author={M. Miyabe and M. Oba and I. Wakaida},
 
 title={Analysis of the even-parity {R}ydberg series of {G}d {I} to determine its ionization potential and isotope shift},
 
 journal={J. Phys. B: At. Mol. Opt. Phys.},
 
 volume={31},
  
 pages={4559},


  year={1998}
}


 @article{Vidolova-Angelova1997,

  author={E. P. Vidolova-Angelova and T. B. Krustev and D. A. Angelov and S. Mincheva},
 
 title={Laser resonance ionization spectroscopy of the cerium atom},
 
 journal={J. Phys. B: At. Mol. Opt. Phys.},

  volume={30},
  
 pages={667},
  
year={1997}
}



@article{Jayasekharan2000,
  author={T. Jayasekharan and M. A. N. Razvi and G. L. Bhale},
  
title={Even-parity bound and autoionizing {R}ydberg series of the samarium atom},
 
 journal={J. Phys. B: At. Mol. Opt. Phys.},
  volume={33},
  pages={3123},
 

  year={2000}

}
	



@article{JXie2011,
  
author={J. Xie and C.-J. Dai and M. Li},

title={Study of even-parity highly excited states of {E}u {I} with a three-colour stepwise resonant excitation},

  journal={J. Phys. B: At. Mol. Opt. Phys.},
  volume={44},
  pages={015002},
 
  year={2011}
}	


  
@article{Nakhate2000,
 
 author={S. G. Nakhate and M. A. N. Razvi and J. P. Connerade and S. A. Ahmad},
 
 title={Investigation of {R}ydberg states of the europium atom using resonance ionization spectroscopy},
 
 journal={J. Phys. B: At. Mol. Opt. Phys.},
 
 volume={33},
   
 pages={5191},
 
 year={2000}
}







@article{PXue1997,

author = {P. Xue and X. Y. Xu and W. Huang and C. B. Xu and R. C. Zhao and X. P. Xie},

title = {Observation of the highly excited states of {L}anthanum},

journal = {AIP Conf. Proc.},

volume = {388}, 

pages = {299-302},

year = {1997}
}

@article{WSun2001,
  title = {Atomic triply excited double {R}ydberg states of lanthanum investigated by selective laser excitation},
  author = {Sun, W. and Xue, P. and Xie, X. P. and Huang, W. and Xu, C. B. and Zhong, Z. P. and Xu, X. Y.},
  journal = {Phys. Rev. A},
  volume = {64}, 
  pages = {031402}, 
  year = {2001}
}



@article{Gregoire2015,
  title = {Measurements of the ground-state polarizabilities of {C}s, {R}b, and {K} using atom interferometry},
  author = {Gregoire, M. D. and Hromada, I. and Holmgren, W. F. and Trubko, R.
 and Cronin, A. D.},
  journal = {Phys. Rev. A},
  volume = {92},
  pages = {052513},
  year = {2015},
}


@article{Derevianko2011,
  title = {Colloquium: Physics of optical lattice clocks},
  author = {Derevianko, A. and Katori, H.},
  journal = {Rev. Mod. Phys.},
  volume = {83},
  pages = {331--347},
  year = {2011}
}


@article{Haller2015,
  title = {Single-atom imaging of fermions in a quantum-gas microscope},
  author = {E. Haller and J. Hudson and A. Kelly and D. A. Cotta and B. Peaudecerf
and G. D. Bruce	and S.  Kuhr},
  journal = {Nat. Phys.},
  volume = {11}, 
  pages = {738}, 
  year = {2015}
}


@article{Edge2015,
  title = {Imaging and addressing of individual fermionic atoms in an optical lattice},
  author = {Edge, G. J. A. and Anderson, R. and Jervis, D. and McKay, D. C. and Day, R.
  and Trotzky, S. and Thywissen, J. H.},
  journal = {Phys. Rev. A},
  volume = {92}, 
  pages = {063406}, 
  year = {2015}
}


@article{Cheuk2015,
  title = {Quantum-Gas Microscope for Fermionic Atoms},
  author = {Cheuk, L. W. and Nichols, M. A. and Okan, M. and Gersdorf, T. and Ramasesh, V. V. 
 and Bakr, W. S. and Lompe, T. and Zwierlein, M. W.},
  journal = {Phys. Rev. Lett.},
  volume = {114},
  issue = {19},
  pages = {193001},
  numpages = {5},
  year = {2015},
  month = {May},
  publisher = {American Physical Society},
  doi = {10.1103/PhysRevLett.114.193001},
  url = {https://link.aps.org/doi/10.1103/PhysRevLett.114.193001}
}

@article{Parsons2015,
  title = {Site-Resolved Imaging of Fermionic $^{6}\mathrm{Li}$ in an Optical Lattice},
  author = {Parsons, M. F. and Huber, F. and Mazurenko, A. and Chiu, C. S. 
and Setiawan, W. and Wooley-Brown, K. and Blatt, S. and Greiner, M.},
  journal = {Phys. Rev. Lett.},
  volume = {114}, 
  pages = {213002}, 
  year = {2015}
}



@article{Thomas1926,
  title = {The Motion of the Spinning Electron},
  author = {L. H. Thomas},
  journal = {Nature},
  volume = {117},
  pages = {514},
  year = {1926}
}


@article{TSHo1983,
  title = {Semiclassical many-mode {F}loquet theory},
  author = {T.-S. Ho and  S.-I. Chu and J. V. Tietz},
  journal = {Chem. Phys. Lett.},
  volume = {96},
  pages = {464},
  year = {1983}
}

@article{TSHo1984,
  title = {Semiclassical many-mode {F}loquet theory. {II}. Non-linear multiphoton dynamics of a two-level
system in a strong bichromatic field},
  author = {T.-S. Ho and  S.-I. Chu},
  journal = {J. Phys. B: At. Mol. Phys.},
  volume = {17},
  pages = {2101},
  year = {1984}
}


@article{Salpeter1951,
  title = {A Relativistic Equation for Bound-State Problems},
  author = {Salpeter, E. E. and Bethe, H. A.},
  journal = {Phys. Rev.},
  volume = {84},
  pages = {1232},
  year = {1951}
}


@article{Bohr1913,
  title = {On the constitution of atoms and molecules},
  author = {N. Bohr},
  journal = {Philos. Mag.},
  volume = {26},
  pages = {1},
  year = {1913}}

@article{Bohr1913b,
  title = {On the constitution of atoms and molecules. Part {II}. Systems containing only a single nucleus},
  author = {N. Bohr},
  journal = {Philos. Mag.},
  volume = {26},
  pages = {476},
  year = {1913}}

@article{Rydberg1890,
  title = {Recherches sur la constitution des spectres d'\'emission des \'el\'ements chimiques},
  author = {J. R. Rydberg},
  journal = {Kongl. Svenska Vetenskaps Akademians Handlingar},
  volume = {23},
issue={11},
  pages = {1--155},
  year = {1890}}


@article{Balmer1885,
  title = {Notiz \"uber die {S}pectrallinien des {W}asserstoffs},
  author = {J. J. Balmer},
  journal = {Ann. der Phys. und Chem.},
  volume = {25},
  pages = {80},
  year = {1885}}

@article{Robens2017,
  title = {Low-Entropy States of Neutral Atoms in Polarization-Synthesized Optical Lattices},
  author = {Robens, C. and Zopes, J. and Alt, W. and Brakhane, S. and Meschede, D. and Alberti, A.},
  journal = {Phys. Rev. Lett.},
  volume = {118},
  pages = {065302},
  year = {2017}}


@article{Safronova2017,
  title = {Forbidden ${M}1$ and ${E}2$ transitions in monovalent atoms and ions},
  author = {Safronova, U. I. and Safronova, M. S. and Johnson, W. R.},
  journal = {Phys. Rev. A},
  volume = {95},
  pages = {042507},
  year = {2017}
}


@article{Glab1981,
  title = {MEASUREMENT OF THE OSCILLATOR STRENGTH OF THE {E}2 TRANSITION {C}s(6{S}-5{D}) 
},
  author = {W. Glab and M. H. Nayfeh},
  journal = {Opt. Commun.},
  volume = {38},
  pages = {262},
  year = {1981}}

@article{Hoeling1996,
  title = {Measurement of the lifetime of the atomic cesium $5^2{D}_{5/2}$
state with diode-laser excitation},
  author = {B. Hoeling and J. R. Yeh and T. Takekoshi and R. J. Knize},
  journal = {Opt. Lett.},
  volume = {21},
  pages = {74},
  year = {1996}}

@article{Rafac1994,
  title = {Precision lifetime measurements of the 6${\mathit{p}}^{2}$${\mathit{P}}_{1/2,3/2}$ states in atomic cesium},
  author = {Rafac, R. J. and Tanner, C. E. and Livingston, A. E. and Kukla, K. W. and Berry, H. G. and Kurtz, C. A.},
  journal = {Phys. Rev. A},
  volume = {50},
  pages = {R1976--R1979}, 
  year = {1994}
}


@article{Hirsch2013
,    
author = {Hirsch, M. AND Wareham, R. J. AND Martin-Fernandez, M. L. AND Hobson, M. P. AND Rolfe, D. J.},
    
journal = {PLOS ONE},
    
title = {A Stochastic Model for Electron Multiplication Charge-Coupled Devices  From Theory to Practice},
    
year = {2013},
   
   volume = {8},
 

    pages = {1-13}
}

@article{Hyvarinen2000,

title = "Independent component analysis: algorithms and applications",

journal = "Neural Netw.",

volume = "13",

pages = "411 - 430",

year = "2000",



author = {A. Hyv\"arinen and E. Oja}
}

@phdthesis{Martinez2016thesis,
  title={Fast non-destructive internal state detection of neutral atoms in optical potentials},
  author={Mart\'inez-Dorantes, M.},
  year={2016},
  school={Rheinischen Friedrich-Wilhelms-Universit\"at Bonn}
}


@article{Wineland1979,
  title = {Laser cooling of atoms},
  author = {Wineland, D. J. and Itano, W. M.},
  journal = {Phys. Rev. A},
  volume = {20},
  pages = {1521--1540},
  year = {1979}
}



@article{Dinardo2016,
author = {B. A. Dinardo and D. Z. Anderson},
title = {A technique for individual atom delivery into a crossed vortex bottle beam trap 
using a dynamic 1{D} optical lattice},
journal = {Rev. Sci. Instrum.},
volume = {87},
pages = {123108},
year = {2016}}

@article{Moller2007,
  title = {Geometric phase gates based on stimulated Raman adiabatic passage in tripod systems},
  author = {M\o{}ller, D. and Madsen, L. B. and M\o{}lmer, K.},
  journal = {Phys. Rev. A},
  volume = {75},
  pages = {062302},
  year = {2007}}


@article{Volz2011,
  title = {Measurement of the internal state of a single atom
without energy exchange},
  author = {J. Volz and R. Gehr and G. Dubois and J. Est\`eve	and J.  Reichel },
  journal = {Nature},
  volume = {475},
  pages = {210},
  year = {2011}}



@article{Tanji-Suzuki2011,
  title = {Interaction between Atomic
Ensembles and Optical
Resonators: Classical
Description},
  author = {H. Tanji-Suzuki and I. D. Leroux and 
 M. H. Schleier-Smith and M.  Cetina and  A. Grier and J. Simon and  V.  Vuleti\'c},
  journal = {Adv. Atom. Mol. Opt. Phys.},
  volume = {60},
  pages = {201},
  year = {2011}}


@article{Einstein1917,
  title = {On the quantum theory of radiation},
  author = {A. Einstein},
  journal = {Phys. Zeits.},
  volume = {18},
  pages = {121},
  year = {1917}}


@article{Wineland1978,
  title = {Radiation-Pressure Cooling of Bound Resonant Absorbers},
  author = {Wineland, D. J. and Drullinger, R. E. and Walls, F. L.},
  journal = {Phys. Rev. Lett.},
  volume = {40},
  pages = {1639--1642},
  year = {1978}
}


@article{Chaneliere2006,
author={T. Chaneli\`{e}re and  D. N. Matsukevich and  S. D. Jenkins and
 T. A. B. Kennedy and  M. S. Chapman and A. Kuzmich},
title={Quantum
telecommunication based on atomic cascade transitions},
journal={Phys.
Rev. Lett.},
volume= {96},
pages={ 093604},
year={2006}}

@article{Jen2010,
  title = {Efficiency of light-frequency conversion in an atomic ensemble},
  author = {Jen, H. H. and Kennedy, T. A. B.},
  journal = {Phys. Rev. A},
  volume = {82},
  pages = {023815},
  year = {2010}
}


@article{Keil2016,
  title = {Fifteen years of cold matter on the atom chip: promise, realizations, and prospects},
  author = {Mark Keil and Omer Amit and Shuyu Zhou and  David Groswasser and  Yonathan Japha and
Ron Folman},
  journal = {J. Mod. Opt.},
  volume = {63},
  pages = {1840},
  year = {2016}}



@article{Garcia2013,
   author = "Garcia, S. and Maxein, D. and Hohmann, L. and Reichel, J. and Long, R.",
   title = "Fiber-pigtailed optical tweezer for single-atom trapping and single-photon generation",
   journal = "Appl. Phys. Lett.",
   year = "2013",
   volume = "103",
   eid = 114103,
   pages = ""
}




@article{BLiu2016,
  title = {Suppression of single-cesium-atom heating in a microscopic optical dipole trap for demonstration of an 852-nm triggered single-photon source},
  author = {Liu, Bei and Jin, Gang and He, Jun and Wang, Junmin},
  journal = {Phys. Rev. A},
  volume = {94},
  pages = {013409},
  year = {2016}}


@article{Schwindt2016,
   author = "Schwindt, Peter D. D. and Jau, Yuan-Yu and Partner, Heather and Casias, Adrian and Wagner, Adrian R. and Moorman, Matthew and Manginell, Ronald P. and Kellogg, James R. and Prestage, John D.",
   title = "A highly miniaturized vacuum package for a trapped ion atomic clock",
   journal = "Rev.  Sci. Instr.",
   year = "2016",
   volume = "87",
   eid = 053112,
   pages = "" 
}



@article{Rushton2014,
   author = "Rushton, J. A. and Aldous, M. and Himsworth, M. D.",
   title = "Contributed Review: The feasibility of a fully miniaturized magneto-optical trap for portable ultracold quantum technology",
   journal = "Rev.  Sci. Instr.",
   year = "2014",
   volume = "85",
   eid = 121501,
   pages = ""}


@article{Nshii2013,
   author = "C. C. Nshii and M. Vangeleyn and	J. P. Cotter and 	P. F. Griffin and E. A. Hinds and C. N. Ironside and	P. See and	A. G. Sinclair and 	E. Riis	and A. S. Arnold",
   title = "A surface-patterned chip as a strong source of ultracold atoms for quantum technologies",
   journal = "Nature Nanotech.",
   year = "2013",
   volume = "8",
   pages = "321"}


@article{Bidel2013,
   author = "Bidel, Y. and Carraz, O. and Charri\`ere, R. and Cadoret, M. and Zahzam, N. and Bresson, A.",
   title = "Compact cold atom gravimeter for field applications",
   journal = "Appl. Phys. Lett.",
   year = "2013",
   volume = "102",
   eid = 144107,
   pages = ""}



@Article{Salim2011,
author="Salim, E. A.
and DeNatale, J.
and Farkas, D. M.
and Hudek, K. M.
and McBride, S. E.
and Michalchuk, J.
and Mihailovich, R.
and Anderson, D. Z.",
title="Compact, microchip-based systems for practical applications of ultracold atoms",
journal="Qu. Inf. Proc.",
year="2011",
volume="10",
pages="975"}





@article{Schleich2016,
  title = {Quantum technology: from research to application},
  author = {W. P. Schleich and  K. S. Ranade and
 C. Anton and  M. Arndt and 
M. Aspelmeyer and  M. Bayer and  G. Berg and 
 T. Calarco and 
H. Fuchs and  E. Giacobino and  M. Grassl and 
 P. H\"anggi and W. M. Heckl and  I.-V. Hertel and 
 S. Huelga and  F. Jelezko and 
B. Keimer and  J. P. Kotthaus and  G. Leuchs and 
 N. L\"utkenhaus and 
U. Maurer and  T. Pfau and  M. B. Plenio and 
 E. M. Rasel and  O. Renn and 
C. Silberhorn and  J. Schiedmayer and 
 D. Schmitt-Landsiedel and 
K. Sch\"onhammer and  A. Ustinov and 
 P. Walther and  H. Weinfurter and Emo Welzl and 
 R. Wiesendanger and S. Wolf and  A. Zeilinger and P. Zoller},
  journal = {Appl. Phys. B},
  volume = {122},
  pages = {130},
  year = {2016}}


@note{idquantique,
note={\text
ID Quantique, Geneva, Switzerland.  Company webpage \url{idquantique.com}}}

@note{magicq,
note={\text
MagiQ Technologies, Inc., Somerville, Massachusetts.  Company webpage \url{magiqtech.com}}}

@note{quintessencelabs,
note={\text
Quintessence Labs, Deakin, Australia.  Company webpage \url{quintessencelabs.com}}}

@note{sequrenet,
note={\text
SeQureNet SARL, Paris, France.  Company webpage \url{sequrenet.com}}}




@note{ColdQuanta,
note={\text
ColdQuanta LLC, Boulder, Colorado.  Company webpage \url{coldquanta.com}}}

@note{AOSense,
note={\text AOSense Inc., Sunnyvale, California. Company webpage \url{aosense.com}}}

@note{muQuans,
note={ $\mu$Quans, Talence, France. Company webpage \url{muquans.com}}}


@article{Andia2013,
  title = {Compact atomic gravimeter based on a pulsed and accelerated optical lattice},
  author = {Andia, M. and Jannin, R. and Nez, F. and Biraben, F. and Guellati-Kh\'elifa, S. and Clad\'e, P.},
  journal = {Phys. Rev. A},
  volume = {88},
  pages = {031605},
  year = {2013}}

@article{Esnault2013,
  title = {Cold-atom double-$\ensuremath{\Lambda}$ coherent population trapping clock},
  author = {Esnault, F.-X. and Blanshan, E. and Ivanov, E. N. and Scholten, R. E. and Kitching, J. and Donley, E. A.},
  journal = {Phys. Rev. A},
  volume = {88},
  pages = {042120},
  year = {2013}
}




@article{Sukachev2016,
  title = {Inner-shell magnetic dipole transition in Tm atoms: A candidate for optical lattice clocks},
  author = {Sukachev, D. and Fedorov, S. and Tolstikhina, I. and Tregubov, D. and Kalganova, E. and Vishnyakova, G. and Golovizin, A. and Kolachevsky, N. and Khabarova, K. and Sorokin, V.},
  journal = {Phys. Rev. A},
  volume = {94},
  pages = {022512},
  year = {2016},
  url = {http://link.aps.org/doi/10.1103/PhysRevA.94.022512}
}




@article{Golovizin2015,
  title = {Detection of the clock 
transition (1.14 $\mu$m) 
in ultra-cold thulium atoms},
  author = {A.A. Golovizin and  E.S. Kalganova and 
 D.D. Sukachev and  G.A. Vishnyakova and  I.A. Semerikov and 
  
V.V. Soshenko and  D.O. Tregubov and  A.V. Akimov 
and  N.N. Kolachevsky and  K.Yu. Khabarova and  V.N. Sorokin},
  journal = {Quant. Electr.},
  volume = {45},
  pages = {482},
  year = {2015}}


@article{Kroger1997,
  title = {Theoretical interpretation of hyperfine structures
in doubly-excited configurations $4f^{10}5d6s6p$ and
$4f^{10}5d^26s$ and new energy levels inneutral {H}olmium ({H}oI)},
  author = {S. Kr\"oger and J.-F. Wyart and P. Luc},
  journal = {Phys. Scripta},
  volume = {55},
  pages = {579},
  year = {1997}}



@article{Yurke1986,
  title = {Generating quantum mechanical superpositions of macroscopically distinguishable states via amplitude dispersion},
  author = {Yurke, B. and Stoler, D.},
  journal = {Phys. Rev. Lett.},
  volume = {57},
  pages = {13--16},
  year = {1986},
  url = {http://link.aps.org/doi/10.1103/PhysRevLett.57.13}
}


@article{Fano1976,
  title = {Electron-optical properties of atomic fields},
  author = {Fano, U. and Theodosiou, C. E. and Dehmer, J. L.},
  journal = {Rev. Mod. Phys.},
  volume = {48},
  pages = {49--68},
  year = {1976},
  url = {http://link.aps.org/doi/10.1103/RevModPhys.48.49}
}


@article{Derevianko2016,
  title = {Hyperfine-induced quadrupole moments of alkali-metal-atom 
ground states and their implications for atomic clocks},
  author = {Derevianko, A.},
  journal = {Phys. Rev. A},
  volume = {93},
  pages = {012503},
  year = {2016},
  url = {http://link.aps.org/doi/10.1103/PhysRevA.93.012503}
}


@article{Ovsiannikov2013,
  title = {Multipole, nonlinear, and anharmonic uncertainties of clocks of Sr atoms in an optical lattice},
  author = {Ovsiannikov, V. D. and Pal'chikov, V. G. and Taichenachev, A. V. and Yudin, V. I. and Katori, Hidetoshi},
  journal = {Phys. Rev. A},
  volume = {88},
  pages = {013405},
  year = {2013},
  url = {http://link.aps.org/doi/10.1103/PhysRevA.88.013405}
}


@article{Reddy1992,
  title = {Laser optogalvanic spectroscopy of holmium},
  author = {M. N. Reddy and S. A. Ahmad and G. N. Rao},
  journal = {J. Opt. Soc. Am. B},
  volume = {9},
  pages = {22},
  year = {1992}
}


@article{Gross2010,
  title = {Nonlinear atom interferometer surpasses classical precision limit},
  author = {C. Gross and T. Zibold and E. Nicklas and J. Est\`eve and M. K. Oberthaler},
  journal = {Nature},
  volume = {464},
  pages = {1165},
  year = {2010}
}


@article{SchleierSmith2010,
  title = {States of an Ensemble of Two-Level Atoms with Reduced Quantum Uncertainty},
  author = {Schleier-Smith, M. H. and Leroux, I. D. and 
Vuleti\ifmmode \acute{c}\else \'{c}\fi{}, V.},
  journal = {Phys. Rev. Lett.},
  volume = {104},
  pages = {073604},
  year = {2010}
}


@article{Cox2016,
  title = {Deterministic Squeezed States with Collective Measurements and Feedback},
  author = {Cox, K. C. and Greve, G. P. and Weiner, J. M. and Thompson, J. K.},
  journal = {Phys. Rev. Lett.},
  volume = {116},
  pages = {093602},
  year = {2016},
  url = {http://link.aps.org/doi/10.1103/PhysRevLett.116.093602}
}



@article {Hosten2016b,

	author = {Hosten, O. and Krishnakumar, R. and Engelsen, N. J. and Kasevich, M. A.},

	title = {Quantum phase magnification},
	
journal={Science},
volume = {352},
	
	pages = {1552--1555},

	year = {2016}}


@article {Hosten2016,

	author = {Hosten, O. and Engelsen, N. J. and Krishnakumar, R.  and Kasevich, M. A.},

	title = {Measurement noise 100 times lower than the 
quantum-projection limit using entangled atoms},
	
journal={Nature},
volume = {529},
	
	pages = {505},

	year = {2016}}



@article{Sewell2012,
  title = {Magnetic Sensitivity Beyond the Projection Noise Limit by Spin Squeezing},
  author = {Sewell, R. J. and Koschorreck, M. and Napolitano, M. and Dubost, B. and Behbood, N. and Mitchell, M. W.},
  journal = {Phys. Rev. Lett.},
  volume = {109},
  pages = {253605},
  year = {2012},
  url = {http://link.aps.org/doi/10.1103/PhysRevLett.109.253605}
}


@article{Kitagawa1993,
  title = {Squeezed spin states},
  author = {Kitagawa, M. and Ueda, M.},
  journal = {Phys. Rev. A},
  volume = {47},
  pages = {5138--5143},
  year = {1993},
  url = {http://link.aps.org/doi/10.1103/PhysRevA.47.5138}
}


@article{Middelmann2012,
  title = {High Accuracy Correction of Blackbody Radiation Shift in an Optical Lattice Clock},
  author = {Middelmann, T. and Falke, S. and Lisdat, C. and Sterr, U.},
  journal = {Phys. Rev. Lett.},
  volume = {109},
  pages = {263004},
  year = {2012},
  url = {http://link.aps.org/doi/10.1103/PhysRevLett.109.263004}
}

@article{Porsev2006,
  title = {Multipolar theory of blackbody radiation shift of atomic 
energy levels and its implications for optical lattice clocks},
  author = {Porsev, S. G. and Derevianko, A.},
  journal = {Phys. Rev. A},
  volume = {74},
  pages = {020502},
  year = {2006},
  url = {http://link.aps.org/doi/10.1103/PhysRevA.74.020502}
}

@article{Porsev2006e,
  title = {Erratum: {M}ultipolar theory of blackbody radiation shift of atomic energy levels and its implications for optical lattice clocks [Phys. Rev. A     \textbf{74}  , 020502(R) (2006)]},
  author = {Porsev, S. G. and Derevianko, A.},
  journal = {Phys. Rev. A},
  volume = {86},
  pages = {029904},
  year = {2012},
  url = {http://link.aps.org/doi/10.1103/PhysRevA.86.029904}
}




@article{Porsev2001,
  title = {Many-body calculations of electric-dipole amplitudes for transitions 
between low-lying levels of {M}g, {C}a, and {S}r},
  author = {S. G. Porsev and M. G. Kozlov and Yu. G. Rakhlina and A. Derevianko},
  journal = {Phys. Rev. A},
  volume = {64},
  pages = {012508},
  year = {2001}
}


@article{Porsev2008,
  title = {Determination of {S}r properties for a high-accuracy optical clock},
  author = {Porsev, S. G. and Ludlow, A. D. and Boyd, M. M. and Ye, J.},
  journal = {Phys. Rev. A},
  volume = {78},
  pages = {032508},
  year = {2008}
}



@article{Dzuba2016,
  title = {Ionization potentials and polarizabilities of superheavy elements from {D}b to 
{C}n $(Z=105\char21{}112)$},
  author = {Dzuba, V. A.},
  journal = {Phys. Rev. A},
  volume = {93},
  pages = {032519},
  year = {2016},
  url = {http://link.aps.org/doi/10.1103/PhysRevA.93.032519}
}

@article{Dzuba2014,
  title = {Scalar static polarizabilities of lanthanides and actinides},
  author = {Dzuba, V. A. and Kozlov, A. and Flambaum, V. V.},
  journal = {Phys. Rev. A},
  volume = {89},
  pages = {042507},
  year = {2014},
  url = {http://link.aps.org/doi/10.1103/PhysRevA.89.042507}
}

@article{Santra2004,
  title = {Properties of metastable alkaline-earth-metal atoms calculated using an accurate
effective core potential},
  author = {R. Santra and  K. V. Christ and C. H. Greene},
  journal = {Phys. Rev. A},
  volume = {69},
  pages = {042510},
  year = {2004}}

@article{Swallows2012,
  title = {Operating a ${}^{87}${S}r optical lattice clock
with high precision and at high density},
  author = {M. D. Swallows and  M. J. Martin and  M. Bishof and  C. Benko and  Y. Lin and 
 S. Blatt and A. M. Rey and J. Ye},
  journal = {IEEE Trans. Ultrason. Ferroel. Freq. Contr.},
  volume = {59},
  pages = {416},
  year = {2012}}


@article{Nicholson2015,
  title = {Systematic evaluation of an atomic clock at $2 \times  10^{-18}$ total uncertainty},
  author = {T. L. Nicholson and  S. L. Campbell and  R. B. Hutson and G. E. Marti
and B. J. Bloom and R. L. McNally and W. Zhang and  
M. D. Barrett and  M. S. Safronova and  G. F. Strouse and  W. L. Tew and J. Ye},
  journal = {Nat. Commun.},
  volume = {6},
  pages = {6896},
  year = {2015}}

@article{Ludlow2015,
  title = {Optical atomic clocks},
  author = {Ludlow, A. D. and Boyd, M. M. and Ye, J. and Peik, E. and Schmidt, P. O.},
  journal = {Rev. Mod. Phys.},
  volume = {87},
  pages = {637},
  year = {2015},
  url = {http://link.aps.org/doi/10.1103/RevModPhys.87.637}
}

@article{Courtillot2003,
  title = {Clock transition for a future optical frequency standard with trapped atoms},
  author = {Courtillot, I. and Quessada, A. and Kovacich, R. P. and Brusch, A. and Kolker, D. and Zondy, J.-J. and Rovera, G. D. and Lemonde, P.},
  journal = {Phys. Rev. A},
  volume = {68},
  pages = {030501},
  year = {2003}}


@article{Appel2009,
author = {Appel, J. and Windpassinger, P. J. and Oblak, D. and 
Hoff, U. B. and Kjærgaard, N. and Polzik, E. S.}, 
title = {Mesoscopic atomic entanglement for precision 
measurements beyond the standard quantum limit},
journal={PNAS},
volume = {106}, 
number = {27}, 
pages = {10960-10965}, 
year = {2009}
}

@article{Bollinger1996,
  title = {Optimal frequency measurements with maximally correlated states},
  author = {Bollinger, J. J. and Itano, W. M. and Wineland, D. J. and Heinzen, D. J.},
  journal = {Phys. Rev. A},
  volume = {54},
  pages = {R4649},
  year = {1996},
  doi = {10.1103/PhysRevA.54.R4649}
}


@article{Itano1993,
  title = {Quantum projection noise: Population fluctuations in two-level systems},
  author = {Itano, W. M. and Bergquist, J. C. and Bollinger, J. J. and Gilligan, J. M. and 
Heinzen, D. J. and Moore, F. L. and Raizen, M. G. and Wineland, D. J.},
  journal = {Phys. Rev. A},
  volume = {47},
  pages = {3554--3570},
  year = {1993}
}


@article{Fermi1930,
  title = {{\"U}ber das {I}ntensit\"atsverh\"altnis der {D}ublettkomponenten der {A}lkalien},
  author = {E. Fermi},
  journal = {Z. f. Phys.},
  volume = {59},
  pages = {680},
  year = {1930}}


@article{Giacobino1980,
  title = {Doppler-free multiphoton spectroscopy},
  author = {E. Giacobino and B. Cagnac},
  journal = {Progr. Opt.},
  volume = {XVII},
  pages = {87},
  year = {1980}}
  	
@article{Lee2005,
  author={S. K. Lee and H. S.  Lee and J. M.  Kim and D. Cho},
  title={Optical dipole trap using a {F}abry{P}erot interferometer as a power buildup cavity},
  journal={J. Phys. B: At. Mol. Opt. Phys. },
  volume={38},
  pages={1381},
  year={2005}}
	

@article{Edmunds2013,
  title = {A deep optical cavity trap for atoms and molecules with rapid frequency and intensity modulation},
  author = {P. D. Edmunds and P. F. Barker},
  journal = {Rev. Sci. Instrum.},
  volume = {84},
  pages = {083101},
  year = {2013}}

 
@article{Meschede2003,
author={D. Meschede and H. Metcalf},
title={Atomic nanofabrication: atomic deposition and lithography by laser and magnetic forces},
journal={J. Phys. D: Appl. Phys. },
volume={36},
pages={R17},
year={2003}}
	


@article{Bloom2014,
  title = {An optical lattice clock with accuracy and stability at the $10^{-18}$ level},
  author = {B. J. Bloom and T. L. Nicholson and J. R. Williams and S. L. Campbell and M. Bishof and X. Zhang and W. Zhang and S. L. Bromley and J. Ye},
  journal = {Nature},
  volume = {506},
  pages = {71},
  year = {2014}}

@article{Drabbels1999,
  title = {Infrared imaging camera based on a {R}ydberg atom photodetector},
  author = {M. Drabbels and L. D. Noordam},
  journal = {Appl. Phys. Lett.},
  volume = {74},
  pages = {1797},
  year = {1999}
}


@article{Bettles2016,
  title = {Enhanced Optical Cross Section via Collective Coupling of Atomic Dipoles in a 2{D} Array},
  author = {R. J. Bettles and S. A. Gardiner and C. S. Adams},
  journal = {Phys. Rev. Lett.},
  volume = {116},
  pages = {103602},
  year = {2016}
}


@article{Ducas1979,
  title = {Detection of far-infrared radiation using {R}ydberg atoms},
  author = {T. W. Ducas and W. P. Spencer and A. G. Vaidyanathn and W. H. Hamilton and D. Kleppner},
  journal = {Appl. Phys. Lett.},
  volume = {35},
  pages = {382},
  year = {1979}
}

@article{Figger1980,
  title = {A photon detector for submillimetre wavelengths using {R}ydberg atoms},
  author = {H. Figge and G. Leuchs and R. Straubinger and H. Walther},
  journal = {Opt. Commun.},
  volume = {33},
  pages = {37},
  year = {1980}
}



@article{Sarkany2014,
  title = {Controlling the magnetic-field sensitivity of atomic-clock states by microwave dressing},
  author = {S\'ark\'any, L. and Weiss, P. and Hattermann, H. and Fort\'agh, J.},
  journal = {Phys. Rev. A},
  volume = {90},
  pages = {053416},
  year = {2014}
}


@article{Kazakov2015,
  title = {Magic radio-frequency dressing for trapped atomic microwave clocks},
  author = {Kazakov, G. A. and Schumm, T.},
  journal = {Phys. Rev. A},
  volume = {91},
  pages = {023404},
  year = {2015}
}



@article{JYang2016,
  title = {Coherence preservation of a single neutral atom qubit transferred between
magic-intensity optical traps},
  author = {J. Yang and X. He and  R. Guo and  P. Xu and  K.  Wang and 
C. Sheng and M. Liu and J.  Wang and A.  Derevianko and M.  Zhan},
  journal = {Phys. Rev. Lett.},
volume = {117},
  pages = {123201},
  year = {2016}}

@article{Barredo2016,
title={An atom-by-atom assembler of defect-free arbitrary two-dimensional atomic arrays
},
author={D. Barredo and S. de Les\'el\'euc and  V. Lienhard and  T. Lahaye and A. Browaeys},
journal={Science},
volume={354},
pages={1021--1023},
year={2016}}

@article{Endres2016,
author = {M. Endres and H. Bernien and  A. Keesling and 
H. Levine and E. R.  Anschuetz and A. Krajenbrink and C.  Senko and 
 V. Vuletic and M.  Greiner  and M.  D. Lukin},
title = {Atom-by-atom assembly of defect-free 
one-dimensional cold atom arrays
},
journal={Science},
volume={354},
pages={1024--1027},
year = {2016}
}


@article{Tamura2016,
  title = {Highly uniform holographic microtrap
arrays for single atom trapping using a
feedback optimization of in-trap
fluorescence measurements},
  author = {H. Tamura and T. Unakami and J. He and Y.  Miyamoto and K.  Nakagawa},
  journal = {Opt. Expr.},
  volume = {24},
  pages = {8132},
  year = {2016}}


@article{Will2016,
  title = {Coherent Microwave Control of Ultracold $^{23}\mathrm{Na}^{40}\mathrm{K}$ Molecules},
  author = {Will, S. A. and Park, J. W. and Yan, Z. Z. and Loh, H. and Zwierlein, M. W.},
  journal = {Phys. Rev. Lett.},
  volume = {116},
  pages = {225306},
  year = {2016}
}



@article{Rengelink2016,
  title = {A simple 2 {W} continuous-wave laser system for trapping ultracold metastable helium atoms at the 319.8 nm magic wavelength},
  author = {R.J. Rengelink and  R.P.M.J.W. Notermans and W. Vassen},
  journal = {Appl. Phys. B},
  volume = {122},
  pages = {122},
  year = {2016}}


@article{JWang2016,
  title = {Realization and characterization of single-frequency tunable 637.2 nm high-power laser},
  author = {J. Wang and J. Bai and J. He and J. Wang},
  journal = {Opt. Commun.},
  volume = {370},
  pages = {150},
  year = {2016}}

@article{JWang2016b,
  title = {Development and characterization of a 2.2 {W}
narrow-linewidth 318.6 nm ultraviolet laser},
  author = {J. Wang and J. Bai and J. He and J. Wang},
  journal = {J. Opt. Soc. Am. B },
  volume = {33},
  pages = {2020},
  year = {2016}}



@article{Kim2016,
  title = {In situ single-atom array synthesis using dynamic
holographic optical tweezers},
  author = {H. Kim and W. Lee and  H.-g. Lee and  H. Jo and Y.  Song and J. Ahn},
  journal = {Nat. Commun.},
  volume = {7},
  pages = {13317},
  year = {2016}}

@article{WLee2016,
  title = {Three-dimensional rearrangement of
single atoms using actively controlled
optical microtraps},
  author = {W. Lee and H. Kim and J. Ahn},
  journal = {Opt. Expr.},
  volume = {24},
  pages = {9816},
  year = {2016}}



@article{Martinez-Dorantes2016,
  title = {Fast non-destructive internal state detection of neutral atoms in optical potentials},
  author = {M. Mart\'inez-Dorantes},
  journal = {{P}h{D} thesis {U}niv. {B}onn},
  volume = {},
  pages = {},
note={},
  year = {2016}}




@article{Alberti2016,
  title = {Super-resolution microscopy of single atoms in optical lattices},
  author = {A. Alberti and  C. Robens and W. Alt and S. Brakhane and M.  Karski and  
R.  Reimann and A. Widera and D. Meschede},
  journal = {New J. Phys.},
  volume = {18},
  pages = {053010},
  year = {2016}}



@article{Ye2008,
  author = {J. Ye and H. J. Kimble and H. Katori},
title= {Quantum State Engineering
and Precision Metrology Using
State-Insensitive Light Traps},
  journal = {Science},
  volume = {320},
  pages = {1734},
  year = {2008}}



@article{Dotsenko2004,
  title = {Application of electro-optically generated
light fields for {R}aman spectroscopy
of trapped cesium atoms},
  author = {I. Dotsenko
and W. Alt
and S. Kuhr
and D. Schrader
and M. M\"uller
and Y. Miroshnychenko
and V. Gomer
and A. Rauschenbeutel
and D. Meschede},
  journal = {Appl. Phys. B},
  volume = {78},
  pages = {711},
  year = {2004}}






@article{Gibbons2008,
  title = {Achieving very long lifetimes in optical lattices with pulsed cooling},
  author = {Gibbons, M. J. and Kim, S. Y. and Fortier, K. M. and Ahmadi, P. and Chapman, M. S.},
  journal = {Phys. Rev. A},
  volume = {78},
  pages = {043418},
  year = {2008}}

@article{Gehm1998,
  title = {Dynamics of noise-induced heating in atom traps},
  author = {Gehm, M. E. and O'Hara, K. M. and Savard, T. A. and Thomas, J. E.},
  journal = {Phys. Rev. A},
  volume = {58},
  pages = {3914},year={1998}}


@article{Leung2014,
Author = {V. Y. F. Leung and  D. R. M. Pijn and H. Schlatter and  L. Torralbo-Campo and  A. L. La Rooij and  G. B. Mulder and  J. Naber and  M. L. Soudijn and  A. Tauschinsky and  C. Abarbanel and  B. Hadad and  E. Golan and R. Folman and R. J. C. Spreeuw},
Title = {{Magnetic-film atom chip with 10 $\mu$m period lattices of microtraps for quantum information science with {R}ydberg atoms}},
Journal = {{Rev. Sci. Instrum.}},
Year = {{2014}},
Volume = {{85}},
Pages = {{053102}}
}



@article{Thompson2013,
Author = {Thompson, J. D. and Tiecke, T. G. and de Leon, N. P. and Feist, J. and
   Akimov, A. V. and Gullans, M. and Zibrov, A. S. and Vuletic, V. and
   Lukin, M. D.},
Title = {{Coupling a Single Trapped Atom to a Nanoscale Optical Cavity}},
Journal = {{Science}},
Year = {{2013}},
Volume = {{340}},
Pages = {{1202}}
}



@article{Nussmann2005,
  title = {Submicron Positioning of Single Atoms in a Microcavity},
  author = {Nu\ss{}mann, S. and Hijlkema, M. and Weber, B. and Rohde, F. and Rempe, G. and Kuhn, A.},
  journal = {Phys. Rev. Lett.},
  volume = {95},
  pages = {173602},
  year = {2005}}

@article{Shirley1965,
  title = {Solution of the {S}chr\"odinger Equation with a {H}amiltonian Periodic in Time},
  author = {Shirley, J. H.},
  journal = {Phys. Rev.},
  volume = {138},
  pages = {B979--B987},
  year = {1965}}



@article{Brownnutt2015,
  title = {Ion-trap measurements of electric-field noise near surfaces},
  author = {Brownnutt, M. and Kumph, M. and Rabl, P. and Blatt, R.},
  journal = {Rev. Mod. Phys.},
  volume = {87},
  pages = {1419--1482},
  year = {2015}
}

@article{Chan2014,
  title = {Adsorbate Electric Fields on a Cryogenic Atom Chip},
  author = {Chan, K. S. and Siercke, M. and Hufnagel, C. and Dumke, R.},
  journal = {Phys. Rev. Lett.},
  volume = {112},
  pages = {026101},  year = {2014}}

@article{Obrecht2007,
  title = {Measuring electric fields from surface contaminants with neutral atoms},
  author = {Obrecht, J. M. and Wild, R. J. and Cornell, E. A.},
  journal = {Phys. Rev. A},
  volume = {75},
  pages = {062903},  year = {2007}}

@article{Booth2016,
  title = {Suppression of {R}ydberg atom polarizability with multifrequency microwave dressing},
  author = {D. W. Booth and M. Saffman},
  journal = {manuscript in preparation},
  volume = {},
  pages = {},
  year = {2016}}


@article{Saffman2016b,
  title = {An architecture for quantum computing with magnetically trapped {H}olmium atoms},
  author = {M. Saffman and J. Hostetter and D. W. Booth and J. Collett},
  journal = {manuscript in preparation},
  volume = {},
  pages = {},
  year = {2016}}



@article{Abdelrahman2014,
  title = {Coherent all-optical control of ultracold atoms arrays in permanent magnetic traps},
  author = {A. Abdelrahman and T. Mukai and H. H\"affner and T. Byrnes},
  journal = {Opt. Expr.},
  volume = {22},
  pages = {3501},
  year = {2014}}

@article{Lin2004,
  title = {Impact of the {C}asimir-{P}older Potential and {J}ohnson Noise on {B}ose-{E}instein Condensate Stability Near Surfaces},
  author = {Lin, Yu-ju and Teper, Igor and Chin, Cheng and Vuleti\ifmmode \acute{c}\else \'{c}\fi{}, Vladan},
  journal = {Phys. Rev. Lett.},
  volume = {92},
  issue = {5},
  pages = {050404},  year = {2004},
  month = {Feb}}


@article{Jian2014,
  title = {A linear array of 11 double-loop microtraps for ultracold atoms},
  author = {B. Jian and W. A. van Wijngaarden},
  journal = {J. Phys. B: At. Mol. Opt. Phys.},
  volume = {47},
  pages = {215301},
  year = {2014}}

@article{Miyamachi2013,
  title = {Stabilizing the magnetic moment of single holmium atoms by symmetry},
  author = {Toshio Miyamachi and  Tobias Schuh and  Tobias M\"arkl and  Christopher Bresch and  Timofey Balashov and  Alexander St\"ohr1 and  Christian Karlewski and  Stephan Andr\'e and  Michael Marthaler and  Martin Hoffmann and  Matthias Geilhufe and  Sergey Ostanin and  Wolfram Hergert and  Ingrid Mertig and  Gerd Sch\"on and Arthur Ernst and  Wulf Wulfhekel},
  journal = {Nature},
  volume = {503},
  pages = {242},
  year = {2013}}



@article{Rothe1959,
  title = {Total collision cross sections for the interaction of atomic beams of alkali metals with gases},
  author = {E. W. Rothe and R. B. Bernstein},
  journal = {J. Chem. Phys.},
  volume = {31},
  pages = {1619},
  year = {1959}}



@article{XChu2007,
  title = {Dynamic polarizabilities of rare-earth-metal atoms and dispersion coefficients for their interaction with helium atoms},
  author = {Chu, X. and Dalgarno, A. and Groenenboom, G. C.},
  journal = {Phys. Rev. A},
  volume = {75},
  pages = {032723},
  year = {2007}}

@article{Knipp1938,
  title = {Quadrupole-Quadrupole Interatomic Forces},
  author = {Knipp, Julian K.},
  journal = {Phys. Rev.},
  volume = {53},
  issue = {9},
  pages = {734--745},  year = {1938}}

@article{Ovsyannikov1982,
  title = {Dispersion interaction of excited atoms},
  author = {V.D. Ovsyannikov},
  journal = {Opt. Spectrosc.},
  volume = {53},
  pages = {357},
  year = {1982}}


@article{Dalgarno1967,
  title = {New methods for calculating long-range intermolecular forces},
  author = {A. Dalgarno},
  journal = {Adv. Chem. Phys.},
  volume = {12},
  pages = {143},
  year = {1967}}



@article{Leo2000,
  title = {Collision Properties of Ultracold $^{133}${C}s Atoms},
  author = {Leo, Paul J. and Williams, Carl J. and Julienne, Paul S.},
  journal = {Phys. Rev. Lett.},
  volume = {85},
  pages = {2721--2724},
  year = {2000}
}


@article{London1937,
  title = {The general theory of molecular forces},
  author = {F. London},
  journal = {Trans. Faraday Soc.},
  volume = {33},
  pages = {8},
  year = {1937}}


@article{Chin2010,
  title = {Feshbach resonances in ultracold gases},
  author = {Chin, Cheng and Grimm, Rudolf and Julienne, Paul and Tiesinga, Eite},
  journal = {Rev. Mod. Phys.},
  volume = {82},
  pages = {1225--1286},
  year = {2010}
}

@article{Walker1994,
  author = {T. Walker and P. Feng},
  title = {Measurements of collisions between laser-cooled atoms},
  journal = {Adv. Atom. Mol. Opt. Phys.},
  volume = {34},
  pages = {125},
  year = {1994}}

@article{Weiner1999,
  title = {Experiments and theory in cold and ultracold collisions},
  author = {Weiner, John and Bagnato, Vanderlei S. and Zilio, Sergio and Julienne, Paul S.},
  journal = {Rev. Mod. Phys.},
  volume = {71},
  pages = {1--85},
  year = {1999}
}



@article{Barrat1961,
  title = {\'{E}tude du pompage optique dans le formalism de la matrice densit\'e},
  author = {J. P. Barrat and C. Cohen-Tannoudji},
  journal = {J. Phys. Rad.},
  volume = {22},
  pages = {329},
  year = {1961}}


@article{Boozer2007,
  title = {Optical pumping via incoherent Raman transitions},
  author = {Boozer, A. D. and Miller, R. and Northup, T. E. and Boca, A. and Kimble, H. J.},
  journal = {Phys. Rev. A},
  volume = {76},
  pages = {063401},
  year = {2007}}

@article{Dubetsky1996,
  title = {Atom-field interactions: Density-matrix equations including quantization of the center-of-mass motion},
  author = {B. Dubetsky and P. R. Berman},
  journal = {Phys. Rev. A},
  volume = {53},
  pages = {390},
  year = {1996}}


@article{Berman1993,
  title = {Rate equations between electronic-state manifolds},
  author = {P. R. Berman and  G. Rogers and B. Dubetsky},
  journal = {Phys. Rev. A},
  volume = {48},
  pages = {1506},
  year = {1993}}


@article{Berman1991,
  title = {Nonlinear spectroscopy and laser cooling},
  author = {P. R. Berman},
  journal = {Phys. Rev. A},
  volume = {43},
  pages = {1470},
  year = {1991}}


@article{Ducloy1984,
  title = {Polarization properties of phase-conjugate mirrors: Angular dependence and disorienting collision effects in resonant backward four-wave  mixing for {D}oppler-broadened degenerate transitions},
  author = {M. Ducloy and D. Bloch},
  journal = {Phys. Rev. A},
  volume = {30},
  pages = {3107},
  year = {1984}}



@article{Arpornthip2012,
  title = {Vacuum-pressure measurement using a magneto-optical trap},
  author = {T. Arpornthip and C. A. Sackett and K. J. Hughes},
  journal = {Phys. Rev. A},
  volume = {85},
  pages = {033420},
  year = {2012}}


@article{Hodapp1995,
  title = {Three-dimensional spatial diffusion in optical molasses},
  author = {T. W. Hodapp and C. Gerz and  C. I. Westbrook and  W. D. Phillips and J. Dalibard},
  journal = {Appl. Phys. B},
  volume = {60},
  pages = {135},
  year = {1995}}



@article{Kasevich1992,
  title = {Laser cooling below a photon recoil with three-level atoms},
  author = {M. Kasevich and S. Chu},
  journal = {Phys. Rev. Lett.},
  volume = {69},
  pages = {1741},
  year = {1992}}

@article{Grynberg2001,
  title = {Cold Atoms in Dissipative
Optical Lattices},
  author = {G. Grynberg and C. Robilliard},
  journal = {Phys. Rep.},
  volume = {355},
  pages = {335},
  year = {2001}}


@article{Ramsey1949,
  title = {A New Molecular Beam Resonance Method},
  author = {Ramsey, N. F.},
  journal = {Phys. Rev.},
  volume = {76},
  pages = {996},
  year = {1949}}

@article{Ramsey1950,
  title = {A Molecular Beam Resonance Method with Separated Oscillating Fields},
  author = {Ramsey, N. F.},
  journal = {Phys. Rev.},
  volume = {78},
  pages = {695},
  year = {1950}}


@article{Bloch1946,
  title = {Nuclear induction},
  author = {F. Bloch},
  journal = {Phys. Rev.},
  volume = {70},
  pages = {460},
  year = {1946}}



@article{Salomon1990,
  title = {Laser cooling of {C}esium atoms below 3 $\mu${K}},
  author = {C. Salomon and J. Dalibard and W. D. Phillips and A. Clairon and S. Guellati},
  journal = {Europhys. Lett.},
  volume = {12},
  pages = {683},
  year = {1990}}



@article{Ungar1989,
  title = {Optical molasses and multilevel atoms: theory},
  author = {P. J. Ungar and D. S. Weiss and E. Riis and S. Chu},
  journal = {J. Opt. Soc. Am. B},
  volume = {6},
  pages = {2058},
  year = {1989}}



@article{Lett1988,
  title = {Observation of Atoms Laser Cooled below the {D}oppler Limit},
  author = {P. Lett and  R. Watts and  C. Westbrook and  W. D. Phillips and  P. Gould and
H. Metcalf},
  journal = {Phys. Rev. Lett.},
  volume = {61},
  pages = {169},
  year = {1988}}

@article{Ma2015,
  title = {Measured atomic ground-state polarizabilities of 35 metallic elements},
  author = {Ma, L. and Indergaard, J. and Zhang, B. and Larkin, I. and 
Moro, R. and de Heer, W. A.},
  journal = {Phys. Rev. A},
  volume = {91},
  pages = {010501},
  year = {2015},
  url = {http://link.aps.org/doi/10.1103/PhysRevA.91.010501}
}



@article{Nave2003,
  title = {Atomic transition rates for neutral {H}olmium ({H}o {I})},
  author = {G. Nave},
  journal = {J. Opt. Soc. Am. B},
  volume = {20},
  pages = {2193},
  year = {2003}}


@article{Rinkleff1994,
  title = {On the tensor polarizabilities in the 4f$^N$6s$^2$
ground levels of the neutral rare-earth atoms},
  author = {R.-H. Rinkleff and F. Thorn},
  journal = {Z. Phys. D},
  volume = {32},
  pages = {173},
  year = {1994}}


@article{Burgess1965,
  author = {A. Burgess},
  title = {Tables of hydrogenic photoionization cross-sections and recombination coefficients},
  journal = {Mon. Not. Roy. Astronom. Soc.},
  volume = {69},
  pages = {1},
  year = {1965}}


@article{Weisskopf1930,
  title = {Berechnung der nat\"urlichen {L}inienbreite auf {G}rund der {D}iracschen {L}ichttheorie},
  author = {V. Weisskopf and E. Wigner},
  journal = {Z. f. Phys.},
  volume = {63},
  pages = {54},
  year = {1930}}



@article{Gordon1928,
  title = {Die {E}nerginiveaus des {W}asserstoffatoms nach der {D}iracschen {Q}uantentheorie des {E}lektrons},
  author = {W. Gordon},
  journal = {Z. Phys.},
  volume = {48},
  pages = {11},
  year = {1928}}

@article{Gordon1929,
  title = {Zur {B}erechnung der {M}atrizen beim {W}asserstoffatom},
  author = {W. Gordon},
  journal = {Ann. d. Phys.},
  volume = {2},
  pages = {1031},
  year = {1929}}



@article{Darwin1928,
  title = {The wave equations of the electron},
  author = {C. G. Darwin},
  journal = {Proc. Roy. Soc. A},
  volume = {118},
  pages = {654},
  year = {1928}}




@article{Itano1982,
  title = {Shift of $^{2}{S}_{\frac{1}{2}}$ hyperfine splittings due to blackbody radiation},
  author = {W. M. Itano and L. L. Lewis and D. J. Wineland},
  journal = {Phys. Rev. A},
  volume = {25},
  pages = {1233},
  year = {1982}}



@article{Jefferts2002,
  title = {Accuracy evaluation of {NIST-F1}},
  author = {S. R. Jefferts and 
et al.},
  journal = {Metrologia},
  volume = {39},
  pages = {321},
  year = {2002}}



@article{Lynch2015,
  title = {High-field level crossing in atomic hydrogen},
  author = {K. M. Lynch and K. Flanagan and H. H. Stroke},
  journal = {Am. J. Phys.},
  volume = {83},
  pages = {375},
  year = {2015}}



@article{Dickson1991,
  title = {Breit-{R}abi {Z}eeman states of atomic hydrogen},
  author = {R. S. Dickson and J. A. Weil},
  journal = {Am. J. Phys.},
  volume = {59},
  pages = {125},
  year = {1991}}


@article{Breit1931,
  title = {Measurement of nuclear spin},
  author = {G. Breit and I. I. Rabi},
  journal = {Phys. Rev.},
  volume = {38},
  pages = {2082},
  year = {1931}}



@article{Burgess1960,
  title = {A general formula for the calculation of atomic photo-ionization cross sections},
  author = {A. Burgess and M. J. Seaton},
  journal = { Mon. Not. Roy. Astronom. Soc.  },
  volume = {120},
  pages = {121},
  year = {1960}}


@article{Dewangan2012,
  title = {Asymptotic methods for {R}ydberg transitions},
  author = {D. P. Dewangan},
  journal = {Phys. Rep.},
  volume = {511},
  pages = {1},
  year = {2012}}


 @article{Sommerfeld1916,
  title = {Zur Quantentheorie der Spektrallinien},
  author = {A. Sommerfeld},
  journal = {Ann. Phys.},
  volume = {51},
  pages = {1},
  year = {1916}}


 @article{Granovskii2004,
  title = {Sommerfeld formula and {D}irac's theory},
  author = {Ya. I. Granovski\u{i}},
  journal = {Phys. Usph.},
  volume = {47},
  pages = {523},
  year = {2004}}


 @article{Lamb1947,
  title = {Fine Structure of the {H}ydrogen Atom by a Microwave Method},
  author = {W. E. Lamb and R. C. Retherford},
  journal = {Phys. Rev. },
  volume = {72},
  pages = {241},
  year = {1947}}


 @article{Welton1948,
  title = {Some Observable Effects of the Quantum-Mechanical Fluctuations of the Electromagnetic Field},
  author = {Welton, Theodore A.},
  journal = {Phys. Rev.},
  volume = {74},
  pages = {1157--1167},
  year = {1948}
}


 @article{Cheng1985,
  title = {{\it Ab initio} calculation of $4f^N6s^2$ hyperfine structure in neutral rare-earth atoms},
  author = {K. T. Cheng and W. J. Childs},
  journal = {Phys. Rev. A},
  volume = {31},
  pages = {2775},
  year = {1985}}



 @article{Park1960,
  title = {Relation between the parabolic and spherical eigenfunctions of {H}ydrogen},
  author = {D. Park},
  journal = {Z. f. Phys.},
  volume = {159},
  pages = {155},
  year = {1960}}



 @article{Straatsma2015,
  title = {On-chip optical lattice for cold atom experiments},
  author = {Straatsma, C. J. E. and  Ivory, M. K. and  Duggan, J. and  Ramirez-Serrano, J. and  Anderson, D.Z. and Salim, E. A.  },
  journal = {Opt. Lett.},
  volume = {40},
  pages = {3368},
  year = {2015}}



  	
@article{Soderberg2009,
  author={K.-A. Brickman Soderberg and N. Gemelke and C. Chin},
  title={Ultracold molecules: vehicles to scalable quantum information processing},
  journal={New J. Phys.},
  volume={11},
  pages={055022},
  url={http://stacks.iop.org/1367-2630/11/i=5/a=055022},
  year={2009},
  abstract={In this paper, we describe a novel scheme to implement scalable quantum information processing using LiCs molecular states to entangle 6 Li and 133 Cs ultracold atoms held in independent optical lattices. The 6 Li atoms will act as quantum bits to store information and 133 Cs atoms will serve as messenger bits that aid in quantum gate operations and mediate entanglement between distant qubit atoms. Each atomic species is held in a separate optical lattice and the atoms can be overlapped by translating the lattices with respect to each other. When the messenger and qubit atoms are overlapped, targeted single-spin operations and entangling operations can be performed by coupling the atomic states to a molecular state with radio-frequency pulses. By controlling the frequency and duration of the radio-frequency pulses, entanglement can be either created or swapped between a qubit messenger pair. We estimate operation fidelities for entangling two distant qubits and discuss scalability of this scheme and constraints on the optical lattice lasers. Finally we demonstrate experimental control of the optical potentials sufficient to translate atoms in the lattice.}
}
	


@article{Boozer2006,
  title = {Cooling to the Ground State of Axial Motion for One Atom Strongly Coupled to an Optical Cavity},
  author = {Boozer, A. D. and Boca, A. and Miller, R. and Northup, T. E. and Kimble, H. J.},
  journal = {Phys. Rev. Lett.},
  volume = {97},
  pages = {083602},
  year = {2006}}

@article{Dinardo2015,
  title={A compact system for single site atom loading of a neutral atom qubit array},
  author={ B. Dinardo and S. Hughes and S. McBride and J. Michalchuk and D. Z. Anderson},
  journal={Bull. Am. Phys. Soc.},
  year={2015},
volume={60},
number={7},
pages={D1.00090}}


@article{Bochmann2010,
  title = {Lossless State Detection of Single Neutral Atoms},
  author = {Bochmann, J. and M\"ucke, M. and Guhl, C. and Ritter, S. and Rempe, G. and Moehring, D. L.},
  journal = {Phys. Rev. Lett.},
  volume = {104},
  pages = {203601},
  year = {2010}}

@article{Gehr2010,
  title = {Cavity-Based Single Atom Preparation and High-Fidelity Hyperfine State Readout},
  author = {Gehr, R. and Volz, J. and Dubois, G. and Steinmetz, T. and Colombe, Y. and Lev, B. L. and Long, R. and Est\`eve, J. and Reichel, J.},
  journal = {Phys. Rev. Lett.},
  volume = {104},
  pages = {203602},
  year = {2010}}

  	
@article{Khudaverdyan2008,
  author={M. Khudaverdyan and W. Alt and I. Dotsenko and T. Kampschulte and K. Lenhard and A. Rauschenbeutel and S. Reick and K. Sch\"orner and A.
Widera and D. Meschede},
  title={Controlled insertion and retrieval of atoms coupled to a high-finesse optical resonator},
  journal={New J. Phys.},
  volume={10},
  pages={073023},
  year={2008},
  abstract={We experimentally investigate the interaction between one and two atoms and the field of a high-finesse optical resonator. Laser-cooled caesium atoms are transported into the cavity using an optical dipole trap. We monitor the interaction dynamics of a single atom strongly coupled to the resonator mode for several hundred milliseconds by observing the cavity transmission. Moreover, we investigate the position-dependent coupling of one and two atoms by shuttling them through the cavity mode. We demonstrate an alternative method, which suppresses heating effects, to analyse the atomfield interaction by retrieving the atom from the cavity and by measuring its final state.}
}
	


@article{Harris1997,
author={S. E. Harris},
title={Electromagnetically induced transparency},
journal={Phys. Today},
volume={50},
pages={36},
year={1997}}


@article{Widera2005,
  title = {Coherent Collisional Spin Dynamics in Optical Lattices},
  author = {Widera, A. and Gerbier, F. and F\"olling, S. and Gericke, T. and Mandel, O. and Bloch, I.},
  journal = {Phys. Rev. Lett.},
  volume = {95},
  issue = {19},
  pages = {190405},
  numpages = {4},
  year = {2005},
  month = {Nov},
  publisher = {American Physical Society},
  doi = {10.1103/PhysRevLett.95.190405},
  url = {http://link.aps.org/doi/10.1103/PhysRevLett.95.190405}
}

@article{Vala2005,
  title = {Perfect pattern formation of neutral atoms in an addressable optical lattice},
  author = {Vala, J. and Thapliyal, A. V. and Myrgren, S. and Vazirani, U. and Weiss, D. S. and Whaley, K. B.},
  journal = {Phys. Rev. A},
  volume = {71},
  pages = {032324},
  year = {2005}}


@article{XLi2012,
  title = {3{D} Projection Sideband Cooling},
  author = {Li, X. and Corcovilos, T. A. and Wang, Y. and Weiss, D.  S.},
  journal = {Phys. Rev. Lett.},
  volume = {108},
  issue = {10},
  pages = {103001},
  numpages = {4},
  year = {2012},
  month = {Mar},
  publisher = {American Physical Society},
  doi = {10.1103/PhysRevLett.108.103001},
  url = {http://link.aps.org/doi/10.1103/PhysRevLett.108.103001}
}

@article{Ansmann2009,
  title = {Benchmarking the Superconducting {J}osephson Phase Qubit: The Violation of {B}ell's Inequality},
  author = 	{M. Ansmann},
  journal = {PhD thesis, UCSB},
  volume = {},
  pages = {},
  year = {2009}}

@article{Starkey2013,
  title = {A scripted control system for autonomous hardware-timed experiments},
  author = { P. T. Starkey and  C. J. Billington and  S. P. Johnstone and  M. Jasperse and  K. Helmerson and  L. D. Turner and R. P. Anderson},
  journal = {Rev. Sci. Instrum.},
  volume = {84},
  pages = {085111},
  year = {2013}}



@article{Anderson2015,
  title = {Accurate and Robust Unitary Transformations of a High-Dimensional Quantum System},
  author = {Anderson, B. E. and Sosa-Martinez, H. and Riofr\'{i}o, C. A. and Deutsch, Ivan H. and Jessen, Poul S.},
  journal = {Phys. Rev. Lett.},
  volume = {114},
  pages = {240401},
  year = {2015}}

@article{Jessen2014,
year={2014},
journal={Appl. Phys. B},
volume={116},
title={Trapping of ultracold atoms in a $^3${H}e/$^4${H}e dilution refrigerator},
author={Jessen, F. and Knufinke, M. and Bell, S.C. and Vergien, P. and Hattermann, H. and Weiss, P. and Rudolph, M. and Reinschmidt, M. and Meyer, K. and Gaber, T. and Cano, D. and G\"unther, A. and Bernon, S. and Koelle, D. and Kleiner, R. and Fort\'agh, J.},
pages={665-671}}



@article{Minniberger2014,
year={2014},
journal={Appl. Phys. B},
volume={116},
title={Magnetic conveyor belt transport of ultracold atoms to a superconducting atomchip},
author={Minniberger, Stefan and Diorico, Fritz and Haslinger, Stefan and Hufnagel, Christoph and Novotny, Christian and Lippok, Nils and Majer, Johannes and Koller, Christian and Schneider, Stephan and Schmiedmayer, J\"org},
pages={1017-1021}
}



@article{Ortiz1981,
  title = {Measurement of the $6s-7p$ transition probabilities in atomic cesium and a revised value for the weak charge ${Q}_{W}$},
  author = {M. Ortiz and J. Campos},
  journal = {J. Quant. Spectros. Rad. Transf.},
  volume = {26},
  pages = {107},
  year = {1981}}


@article{Vasilyev2002,
  title = {Measurement of the $6s-7p$ transition probabilities in atomic cesium and a revised value for the weak charge ${Q}_{W}$},
  author = {Vasilyev, A. A. and Savukov, I. M. and Safronova, M. S. and Berry, H. G.},
  journal = {Phys. Rev. A},
  volume = {66},
  pages = {020101},
  year = {2002}}



@article{Feiertag1972,
title={Core polarization of the $^{133}$Cs atom by the 7$p$ electron},
  author = {D. Feiertag and A. Sahm and G. zu Putlitz},
  journal = {Z. Physik},
volume={255},
pages={93},
  year = {1972}}



@article{Ilinova2009,
  title = {Hyperpolarizabilities of {R}ydberg states in
helium and alkali-metal atoms},
  author = {E. Yu. Il'inova and A A Kamenski and V D Ovsiannikov},
  journal = {J. Phys. B: At. Mol. Opt. Phys.},
volume={42},
pages={145004},  year = {2009}}


@article{Zeiher2015,
  title = {Microscopic Characterization of Scalable Coherent {R}ydberg Superatoms},
  author = {J. Zeiher and P. Schau\ss and S. Hild and T. Macr\'i and  I. Bloch and  C. Gross},
  journal = {Phys. Rev. X},
volume={5},
pages={031015},
  year = {2015}}


@article{Doyle1995,
  title = {Buffer-gas loading of atoms and molecules into a magnetic trap},
  author = {Doyle, John M. and Friedrich, Bretislav and Kim, Jinha and Patterson, David},
  journal = {Phys. Rev. A},
  volume = {52},
  pages = {R2515--R2518},
  year = {1995}}

@article{Haas2014,
   author = {Haas, F. and Volz, J. and Gehr, R. and Reichel, J. and Est\`eve, J.},
   title = {Entangled States of More Than 40 Atoms in an Optical Fiber Cavity},
   journal = {Science},
   volume = {344},
   pages = {180-183},
   year = {2014}
}


@article{Nogrette2014,
  title = {Single-Atom Trapping in Holographic {2D} Arrays of Microtraps with Arbitrary Geometries},
  author = {F. Nogrette and H. Labuhn and  S. Ravets and  D. Barredo and  L. B\'eguin and  A. Vernier and  T. Lahaye and A. Browaeys},
  journal = {Phys. Rev. X},
  volume = {4},
  pages = {021034},
  year = {2014}}



@article{Dicke1954,
  title = {Coherence in Spontaneous Radiation Processes},
  author = {Dicke, R.},
  journal = {Phys. Rev.},
  volume = {93},
  pages = {99--110},
  year = {1954}}



@article{Gorshkov2009,
  title = {Alkaline-Earth-Metal Atoms as Few-Qubit Quantum Registers},
  author = {Gorshkov, A. and Rey, A. and Daley, A. and Boyd, M. and Ye, J. and Zoller, P. and Lukin, M.},
  journal = {Phys. Rev. Lett.},
  volume = {102},
  pages = {110503},
  year = {2009}}


@note{2014gatenote,
note={There is a subtlety in that Eqs. (\ref{eq.Ebar},\ref{eq.Emin}) neglect the first order phase error. This error can be canceled with a modified pulse sequence\cite{XZhang2012} but is ignored in the estimates presented here since the phase error will be exponentially suppressed using shaped pulses. The phase error is of course accounted for in our numerical solutions.  }}



@article{Berman1998,
  author={P. R. Berman and Lixin Yan and  Keng-Hwee Chiam and Ruwang Sung}, 
 title={Nonadiabatic transitions in a two-level quantum system: Pulse-shape dependence of the transition probability for a two-level atom driven by a pulsed radiation field},
  journal={Phys. Rev. A},
  volume={57},
  pages={79}, 
 year={1998}}


@article{Matsukevich2008,
  author={D. N. Matsukevich and P. Maunz and D. L. Moehring and S. Olmschenk and C. Monroe}, 
 title={Bell Inequality Violation with Two Remote Atomic Qubits},
  journal={Phys. Rev. Lett.},
  volume={100},
  pages={150404}, 
 year={2008}}


@article{Matsukevich2006,
  author={D. N. Matsukevich and  T. Chaneli\'ere and  S. D. Jenkins and  S.-Y. Lan and  T. A. B. Kennedy and A. Kuzmich},  title={Entanglement of Remote Atomic Qubits},
  journal={Phys. Rev. Lett.},
  volume={96},
  pages={030405}, 
 year={2006}}


@article{Kuzmich2000,
  author={A. Kuzmich and E. S. Polzik},
  title={Atomic Quantum State Teleportation and Swapping},
  journal={Phys. Rev. Lett.},
  volume={85},
  pages={5639}, 
 year={2000}}

@article{Duan2000,
  author={L.-M. Duan and J. I. Cirac and P. Zoller and E. S. Polzik},
  title={Quantum Communication between Atomic Ensembles Using Coherent Light},
  journal={Phys. Rev. Lett.},
  volume={85},
  pages={5643}, 
 year={2000}}	


@article{Steinmetz2006,
  author={T. Steinmetz  and Y. Colombe and D. Hunger and 
T. W. H\"ansch  and A. Balocchi and R. J. Warburton and  J. Reichel},
  title={Stable  fiber-based  {F}abry-{P}\'erot cavity},
  journal={Appl. Phys. Lett.},
  volume={89},
  pages={111110}, 
 year={2006}}	


@article{Hunger2010,
  author={D. Hunger and T. Steinmetz and Y. Colombe and C. Deutsch and T. W. H\"ansch and J. Reichel},
  title={A fiber {F}abry-{P}erot cavity with high finesse},
  journal={New J. Phys.},
  volume={12},
  pages={065038}, 
 year={2010}}	

@article{Lee2014, 
author = {Jongmin Lee and Geert Vrijsen and Igor Teper and Onur Hosten and Mark A. Kasevich}, 
journal = {Opt. Lett.}, 
pages = {4005--4008}, 
title = {Many-atom-cavity {QED} system with homogeneous atom-cavity coupling}, 
volume = {39}, year = {2014}}



@article{Sangouard2011,
  title = {Quantum repeaters based on atomic ensembles and linear optics},
  author = {Sangouard, Nicolas and Simon, Christoph and de Riedmatten, Hugues and Gisin, Nicolas},
  journal = {Rev. Mod. Phys.},
  volume = {83},
  pages = {33--80},
  year = {2011}
}

@article{LLi2013,
  title = {Entanglement between light and an optical atomic
excitation},
  author = {L. Li and Y. O. Dudin and A. Kuzmich},
  journal = {Nature},
  volume = {498},
  pages = {466},
  year = {2013}}

@article{Dudin2013,
  title = {Light storage on the time scale of a minute},
  author = {Y. O. Dudin and Li, L. and Kuzmich, A.},
  journal = {Phys. Rev. A},
  volume = {87},
  pages = {031801},
  year = {2013}}

@article{Taichenachev2006,
  title = {Optical Lattice Polarization Effects on Hyperpolarizability of Atomic Clock Transitions},
  author = {Taichenachev, A. V. and Yudin, V. I. and Ovsiannikov, V. D. and Pal'chikov, V. G.},
  journal = {Phys. Rev. Lett.},
  volume = {97},
  pages = {173601},
  year = {2006}}


@article{Georgiades1994,
  title ={ },
  author = {N. Ph. Georgiades and E. S. Polzik and H. J. Kimble},
  journal = {Opt. Lett.},
  volume = {19},
  pages = {1474},
  year = {1994}
}



@article{Yei1998,
  title ={ },
  author = {W. Yei and A. Sieradzan and E. Cerasuolo and M. D. Havey},
  journal = {Phys. Rev. A},
  volume = {57},
  pages = {3419},
  year = {1998}
}



@article{Sansonetti2009,
  title ={ Wavelengths, Transition Probabilities, and Energy Levels for the 
Spectra of {C}esium {C}s$_{ I}$  -  {C}s$_{LV}$},
  author = {J. E. Sansonetti},
  journal = {J. Phys. Chem. Ref. Data},
  volume = {38},
  pages = {761},
  year = {2009}
}


@article{Derevianko1999,
  title = {{\it Ab initio} calculations of off-diagonal hyperfine interaction in cesium},
  author = {A. Derevianko and  M. S. Safronova and W. R. Johnson},
  journal = {Phys. Rev. A},
  volume = {60},
  pages = {R1741},
  year = {1999}
}


@article{Arimondo1977,
  title = {Experimental determinations of the hyperfine structure in the alkali atoms},
  author = {E. Arimondo and M. Inguscio and P. Violino},
  journal = {Rev. Mod. Phys.},
  volume = {49},
  pages = {31},
  year = {1977}
}


@article{HKim2013,
  title = {Magic Polarization for Optical Trapping of Atoms without {S}tark-Induced Dephasing},
  author = {H. Kim and H. S. Han and D. Cho},
  journal = {Phys. Rev. Lett.},
  volume = {111},
  pages = {243004},
  year = {2013}
}


@article{Hofer2008,
  title = {Calculation of the forbidden electric tensor polarizabilities of free {C}s atoms
and of {C}s atoms trapped in a solid $^4${H}e matrix},
  author = {A. Hofer and  P. Moroshkin and S. Ulzega and  A. Weis},
  journal = {Phys. Rev. A},
  volume = {77},
  pages = {012502},
  year = {2008}
}


@article{LeKien2013,
year={2013},
journal={Eur. Phys. J.  D},
volume={67},
number={5},
title={Dynamical polarizability of atoms in arbitrary light fields: general theory and application to cesium},
author={Le Kien, F. and Schneeweiss, P. and Rauschenbeutel, A.},
pages={1-16}
}



@article{Ulzega2006,
  title = {Reconciliation of experimental and theoretical
electric tensor polarizabilities of the cesium ground state},
  author = {S. Ulzega and  A. Hofer and  P. Moroshkin and A. Weis},
  journal = {Europhys. Lett.},
  volume = {76},
  pages = {1074},
  year = {2006}
}

@article{Ulzega2007,
  title = {Erratum},
  author = {S. Ulzega and  A. Hofer and  P. Moroshkin and A. Weis},
  journal = {Europhys. Lett.},
  volume = {78},
  pages = {69901},
  year = {2007}
}


@book{Szabo1989,
  title={Modern Quantum Chemistry},
  author={A. Szabo and N. S. Ostlund},
  year={1989},
  publisher={McGraw-Hill}
}


@book{Varshalovich1988,
  title={Quantum theory of angular momentum},
  author={D. A. Varshalovich and  A. N. Moskalev and V. K. Khersonskii},
  year={1988},
  publisher={World Scientific}
}


@article{Wilkowski2000,
  title = {Instabilities in a Magneto-optical Trap: Noise-Induced Dynamics in an Atomic System},
  author = {Wilkowski, David and Ringot, Jean and Hennequin, Daniel and Garreau, Jean Claude},
  journal = {Phys. Rev. Lett.},
  volume = {85},
  pages = {1839--1842},
  year = {2000}}


@article{Bagnato1992,
  title = {Spatial Distributions of Optically Trapped Cooled Neutral Atoms},
  author = {V. Bagnato and  L. Marcassa and  M. Oria and  G. Surdutovich and S.
Zilio},
  journal = {Laser Phys.},
  volume = {2},
  pages = {172--177},
  year = {1992}
}


@article{Walker1990,
  title = {Collective behavior of optically trapped neutral atoms},
  author = {Walker, Thad and Sesko, David and Wieman, Carl},
  journal = {Phys. Rev. Lett.},
  volume = {64},
  pages = {408--411},
  year = {1990}
}


@article{Newman2011,
  title = {Magnetic relaxation in dysprosium-dysprosium collisions},
  author = {Newman, Bonna K. and Brahms, Nathan and Au, Yat Shan and Johnson, Cort and Connolly, Colin B. and Doyle, John M. and Kleppner, Daniel and Greytak, Thomas J.},
  journal = {Phys. Rev. A},
  volume = {83},
  pages = {012713},
  year = {2011}}

@article{Sesko1989,
  title = {Collisional losses from a light-force atom trap},
  author = {Sesko, D. and Walker, T. and Monroe, C. and Gallagher, A. and Wieman, C.},
  journal = {Phys. Rev. Lett.},
  volume = {63},
  pages = {961--964},
  year = {1989}}

@article{Loftus2000,
  title = {Power-dependent loss from an ytterbium magneto-optic trap},
  author = {T. Loftus and J. R. Bochinski and  R. Shivitz and T. W. Mossberg},
  journal = {Phys. Rev. A},
volume={61},
pages={051401},
  year = {2000}}


@article{Carpentier2013,
  title = {Preparation of a single atom in an optical microtrap},
  author = {A. V. Carpentier and  Y. H. Fung and  P. Sompet and  A. J. Hilliard and  T. G. Walker and  M. F. Andersen},
  journal = {Laser Phys. Lett.},
volume={10},
pages={125501},
  year = {2013}}



@article{Kuhn2011,
  title = {Three Dimensional {R}aman Cooling using Velocity Selective Rapid Adiabatic Passage},
  author = {A. Kuhn and  H.  Perrin and W. H\"ansel and C. Salomon},
  journal = {arXiv:1109.5237},
  year = {2011}}


@article{Kramida2016,
  title = {{NIST} Atomic Spectra Database (version 5.4)},
  author = {Kramida, A. and  Ralchenko, Yu. and  Reader, J. and {NIST ASD Team}},
  journal = {http://physics.nist.gov/asd},
pages={version 5.4},
  year = {2016}}



@article{Aikawa2013,
  title = {Reaching Fermi degeneracy via universal dipolar scattering},
  author = {K. Aikawa and  A. Frisch and  M. Mark and  S. Baier  and  R. Grimm and F. Ferlaino},
  journal = {Phys. Rev. Lett.},
  volume = {112},
  pages = {010404},
  year = {2014}}



@article{MLu2012,
  title = {Quantum Degenerate Dipolar {F}ermi Gas},
  author = {Lu, M. and Burdick, N. Q. and Lev, B. L.},
  journal = {Phys. Rev. Lett.},
  volume = {108},
  pages = {215301},
  year = {2012}}


@article{MLu2011,
  title = {Strongly Dipolar {B}ose-{E}instein Condensate of {D}ysprosium},
  author = {Lu, M. and Burdick, N. Q. and Youn, S. H. and Lev, B. L.},
  journal = {Phys. Rev. Lett.},
  volume = {107},
  pages = {190401},
  year = {2011}}




@article{Hemmerling2014,
  title = {Buffer-gas loaded magneto-optical traps for {Y}b, {T}m, {E}r and {H}o},
  author = {B. Hemmerling and G. K. Drayna and  E. Chae and A. Ravi and J. M. Doyle},
  journal = {New J. Phys.},
volume={16},
pages={063070},
  year = {2014}}




@article{Honda1999,
  title = {Magneto-optical trapping of {Y}b atoms and a limit on the branching ratio of the ${}^{1}{P}_{1}$ state},
  author = {Honda, K. and Takahashi, Y. and Kuwamoto, T. and Fujimoto, M. and Toyoda, K. and Ishikawa, K. and Yabuzaki, T.},
  journal = {Phys. Rev. A},
  volume = {59},
  pages = {R934--R937},
  year = {1999}}

@article{Romalis1999,
  title = {{Z}eeman frequency shifts in an optical dipole trap used to search for an electric-dipole moment},
  author = {M. Romalis and E. N. Fortson},
  journal = {Phys. Rev. A},
  volume = {59},
  pages = {4547},
  year = {1999}
}


@article{Manakov1986,
  title = {Atoms in a laser field},
  author = {N. L. Manakov and V. D. Ovsiannikov and L. P. Rapoport},
  journal = {Phys. Rep.},
  volume = {141},
  pages = {319},
  year = {1986}
}

@article{Feichtner1965,
  title = {Stark effect of the hyperfine structure of {C}esium-133},
  author = {J. D. Feichtner and M. E. Hoover and M. Mizushima},
  journal = {Phys. Rev.},
  volume = {137},
  pages = {A703},
  year = {1965}
}

@article{Lundblad2010,
  title = {Experimental observation of magic-wavelength behavior of $^{87}\mathrm{Rb}$ atoms in an optical lattice},
  author = {Lundblad, N. and Schlosser, M. and Porto, J. V.},
  journal = {Phys. Rev. A},
  volume = {81},
  pages = {031611},
  year = {2010}
}

@article{Dudin2010,
  title = {Light storage in a magnetically dressed optical lattice},
  author = {Y. O. Dudin and Zhao, R. and Kennedy, T. A. B. and Kuzmich, A.},
  journal = {Phys. Rev. A},
  volume = {81},
  pages = {041805},
  year = {2010}
}

@Article{ChoiCho2007,
  title = {Elimination of inhomogeneous broadening for a
ground-state hyperfine transition in an optical trap},
  author = {J. M. Choi and D. Cho},
  journal = {J. Phys. Conf. Ser. },
  volume = {80},
  pages = {012037},
  year = {2007}
}


@Article{Rosenbusch2009,
  title = {ac {S}tark shift of the {C}s microwave atomic clock transitions},
  author = {P. Rosenbusch and S. Ghezali and V. A. Dzuba and V. V. Flambaum
and  K. Beloy and A. Derevianko },
  journal = {Phys. Rev. A},
  volume = {79},
  pages = {013404},
  year = {2009}
}


@Article{Rosenbusch2009SM,
  title = {ac {S}tark shift of the {C}s microwave atomic clock transitions},
  author = {P. Rosenbusch and S. Ghezali and V. A. Dzuba and V. V. Flambaum
and  K. Beloy and A. Derevianko },
  journal = {Phys. Rev. A},
  volume = {79},
  pages = {013404},
  year = {2009}
}


@Article{Chicireanu2011,
  title = {Differential Light-Shift Cancellation in a Magnetic-Field-Insensitive Transition of $^{87}${R}b},
  author = {R. Chicireanu and K. D. Nelson and  S. Olmschenk and  N. Lundblad and  A. Derevianko  and J.V. Porto},
  journal = {Phys. Rev. Lett.},
  volume = {106},
  pages = {063002},
  year = {2011}
}




@article{Derevianko2010b,
  author={A. Derevianko},
  title={``Doubly Magic" Conditions in Magic-Wavelength Trapping of Ultracold Alkali-Metal Atoms},
  journal={Phys. Rev. Lett.},
volume={105},
pages={033002},
  year={2010}
}

@article{Derevianko2010a,
  author={A. Derevianko},
  title={Theory of magic optical traps for {Z}eeman-insensitive clock transitions
in alkali-metal atoms},
  journal={Phys. Rev. A},
volume={81},
pages={051606(R)},
  year={2010}
}


@article{Gillen-Christandl2010,
  title = {Projection of diffraction patterns for use in cold-neutral-atom trapping},
  author = {Katharina Gillen-Christandl  and Glen D. Gillen},
  journal = {Phys. Rev. A},
  volume = {82},
  pages = {063420},
  year = {2010}
}

@article{Petsas1994,
  title = {Crystallography of optical lattices},
  author = {K. I. Petsas and A. B. Coates and G. Grynberg},
  journal = {Phys. Rev. A},
  volume = {50},
  pages = {5173},
  year = {1994}
}


@article{Grunzweig2010,
  title = {Optical Pumping into Many-Body Entanglement},
  author = {T. Gr\"unzweig and  A. Hilliard and  M. McGovern and M. F. Andersen},
  journal = {Nat. Phys.},
  volume = {6},
  pages = {951},
  year = {2010}
}


@article{Cho2011,
  title = {Optical Pumping into Many-Body Entanglement},
  author = {Jaeyoon Cho and Sougato Bose  and M. S. Kim},
  journal = {Phys. Rev. Lett.},
  volume = {106},
  pages = {020504},
  year = {2011}
}



@note{4spinnote,
note={The $M=0$ state of 4 spins If the ARP pulses have the same phase the accumulated atomic phase is also independent of $N$, but is equal to $\pi$.} }

@article{Dalibard1989,
  title = {Laser cooling below the {D}oppler limit by polarization
gradients: simple theoretical models},
  author = {J. Dalibard and C. Cohen-Tannoudji},
  journal = {J. Opt. Soc. Am. B},
  volume = {6},
  pages = {2023},
  year = {1989}
}


@article{Dalibard1992,
  title = {Wave-function approach to dissipative processes in quantum optics},
  author = {J. Dalibard and Y. Castin and K. M\o{}lmer},
  journal = {Phys. Rev. Lett.},
  volume = {68},
  pages = {580},
  year = {1992}
}

@article{DallaTorre2013,
  title = {Dissipative Preparation of Spin Squeezed Atomic Ensembles in a Steady State},
  author = {Dalla Torre, Emanuele G. and Otterbach, Johannes and Demler, Eugene and Vuletic, Vladan and Lukin, Mikhail D.},
  journal = {Phys. Rev. Lett.},
  volume = {110},
  pages = {120402},
  year = {2013}
}


@article{Kordas2012,
  title = {Dissipation-induced macroscopic entanglement in an open optical lattice},
  author = {G. Kordas and S. Wimberger and D. Witthaut},
  journal = {Eur. Phys. Lett. },
  volume = {100},
  pages = {30007},
  year = {2012}
}

@article{Basharov2002,
  title = {Entanglement of Atomic States upon Collective
Radiative Decay},
  author = {A. M. Basharov},
  journal = {Pisma Zh. \'Eksp. Teor. Fiz.},
  volume = {75},
  pages = {151},
  year = {2002},
note={[JETP Lett. {\bf 75}, 123 (2002)]}
}

@article{Jakobczyk2002,
  title = {Cavity-loss-induced generation of entangled atoms},
  author = {L. Jak\'obczyk},
  journal = {J. Phys. A},
  volume = {35},
  pages = {6383},
  year = {2002}
}

@article{Schneider2002,
  title = {Cavity-loss-induced generation of entangled atoms},
  author = {S. Schneider and G. J. Milburn},
  journal = {Phys. Rev. A},
  volume = {65},
  pages = {042107},
  year = {2002}
}

@article{Plenio1999,
  title = {Cavity-loss-induced generation of entangled atoms},
  author = {M. B. Plenio and S. F. Huelga and A. Beige and P. L. Knight},
  journal = {Phys. Rev. A},
  volume = {59},
  pages = {2468},
  year = {1999}
}


@article{Krauter2011,
  title = {Entanglement Generated by Dissipation and Steady State Entanglement of Two Macroscopic Objects},
  author = {Krauter, Hanna and Muschik, Christine A. and Jensen, Kasper and Wasilewski, Wojciech and Petersen, Jonas M. and Cirac, J. Ignacio and Polzik, Eugene S.},
  journal = {Phys. Rev. Lett.},
  volume = {107},
  pages = {080503},
  year = {2011}
}



@article{Weidemuller1998,
  title = {Local and global properties of light-bound atomic lattices investigated by {B}ragg diffraction},
  author = {Matthias Weidem\"uller and Axel G\"orlitz and Theodor W. H\"ansch and Andreas Hemmerich},
  journal = {Phys. Rev. A},
  volume = {58},
  pages = {R4647},
  year = {1998}
}


@note{ARPnote,
note={If the ARP pulses have the same phase the accumulated atomic phase is also independent of $N$, but is equal to $\pi$.} }


@note{loadingnote,
note={If the probability of loading at least 1 atom in a single ensemble is $P_1$,
then the probability of successfully loading  $M$ ensembles after $m$ tries with no defects is $P=1-(1-P_1^M)^m$. For $\bar N = 5$ we have $P_1 = 1-0.0067$ and for $M=100$ ensembles the probability of a success after $m=10$ tries is 0.999.}
}

@book{Abragam1961,
	Author = {A. Abragam},
	Title = {Principles of Nuclear Magnetism},
	Publisher = {Oxford University Press},
	Year = {1961}
}


@article{Bjorkholm1988,
  title = {Collision-limited lifetimes of atom traps},
  author = {J. E. Bjorkholm},
  journal = {Phys. Rev. A},
  volume = {38},
  pages = {1599},
  year = {1988}
}



@article{Marte1991,
  title = {Coherent atomic mirrors and beam splitters by adiabatic passage in multilevel systems},
  author = {Marte, P. and Zoller, P. and Hall, J. L.},
  journal = {Phys. Rev. A},
  volume = {44},
  pages = {R4118--R4121},
  year = {1991}
}


@article{Kis2002,
  title = {Qubit rotation by stimulated {R}aman adiabatic passage},
  author = {Kis, Z. and Renzoni, F.},
  journal = {Phys. Rev. A},
  volume = {65},
  issue = {3},
  pages = {032318},
  year = {2002}
}



@article{Bergmann1998,
  title = {Coherent population transfer among quantum states of atoms and molecules},
  author = {Bergmann, K. and Theuer, H. and Shore, B. W.},
  journal = {Rev. Mod. Phys.},
  volume = {70},
  pages = {1003--1025},
  year = {1998}
}

  	
@article{Whitlock2010b,
  title = {Sub-Poissonian Atom-Number Fluctuations by Three-Body Loss in Mesoscopic Ensembles},
  author = {Whitlock, S. and Ockeloen, C. F. and Spreeuw, R. J. C.},
  journal = {Phys. Rev. Lett.},
  volume = {104},
  pages = {120402},
  year = {2010}
}




@article{Whitlock2009,
  author={S. Whitlock and R. Gerritsma and T. Fernholz and R. J. C. Spreeuw},
  title={Two-dimensional array of microtraps with atomic shift register on a chip},
  journal={New J. Phys.},
  volume={11},
  pages={023021},
  year={2009}
}
	


@article{Villa2007,
  title = {High-efficiency blue-light generation with a ring cavity with periodically poled {KTP}},
  author = {Fabrizio Villa and Antonino Chiummo and Elisabeth Giacobino  and Alberto Bramati},
  journal = {J. Opt. Soc. Am. B},
  volume = {24},
  pages = {576},
  year = {2007}
}

@article{Lundeman2008,
  title = {High power 404 nm source based on second
harmonic generation in {PPKTP} of a tapered
external feedback diode laser},
  author = {Jesper Holm Lundeman and Ole Bjarlin Jensen and Peter E. Andersen and Stefan Andersson-Engels and Bernd Sumpf and G\"otz Erbert and Paul Michael Petersen},
  journal = {Opt. Expr.},
  volume = {16},
  pages = {2486},
  year = {2008}
}



@article{Norris2012,
  title = {Enhanced Squeezing of a Collective Spin via Control of Its Qudit Subsystems},
  author = {Norris, Leigh M. and Trail, Collin M. and Jessen, Poul S. and Deutsch, Ivan H.},
  journal = {Phys. Rev. Lett.},
  volume = {109},
  pages = {173603},
  year = {2012}
}


@article{Frisch2012,
  title = {Narrow-line magneto-optical trap for erbium},
  author = {Frisch, A. and Aikawa, K. and Mark, M. and Rietzler, A. and Schindler, J. and Zupani\ifmmode \check{c}\else \v{c}\fi{}, E. and Grimm, R. and Ferlaino, F.},
  journal = {Phys. Rev. A},
  volume = {85},
  issue = {5},
  pages = {051401},
  year = {2012}
}



@article{Sukachev2010b,
  title = {Sub-Doppler laser cooling of {T}hulium atoms in a magneto-optical trap},
  author ={D. Sukachev and  A. Sokolov and K. Chebakov and  A. Akimov and  N. Kolachevsky and  V. Sorokin},
  journal = {JETP Lett.},
  volume = {92},
  pages = {703},
  year = {2010}
}

@article{Ueda2011,
  title = {Bose gases with nonzero spin},
  author ={M. Ueda},
  journal = {Annu. Rev. Condens. Matter Phys.},
  volume = {3},
  pages = {263},
  year = {2011}
}


@article{Stamper-Kurn2012,
  title = {Spinor {B}ose gases: Explorations of symmetries, magnetism and quantum
dynamics},
  author ={D. M. Stamper-Kurn and M. Ueda},
  journal = {arXiv:1205.1888},
  year = {2012}
}


@article{Raj1980,
  title = {High-Frequency
Optically Heterodyned Saturation Spectroscopy Via Resonant Degenerate
Four-Wave Mixing},
  author ={R. K. Raj and D. Bloch and J. J. Snyder and G. Camy and M. Ducloy},
  journal = {Phys. Rev. Lett.},
  volume = {44},
  pages = {1251},
  year = {1980}
}

@article{McCarron2008,
  title = {Modulation transfer spectroscopy in atomic {R}ubidium},
  author ={D. J. McCarron and S. A. King and S. L. Cornish},
  journal = {Meas. Sci. Technol.},
  volume = {19},
  pages = {105601},
  year = {2008}
}




@article{Takahashi2007,
  title = {Spinor Dipolar {B}ose-{E}instein Condensates: Classical Spin Approach},
  author ={M. Takahashi and Sankalpa Ghosh and T. Mizushima  and K. Machida},
  journal = {Phys. Rev. Lett.},
  volume = {98},
  pages = {260403},
  year = {2007}
}

@article{Huhtamaki2010,
  title = {Spin textures in condensates with large dipole moments},
  author ={J. A. M. Huhtam\"aki and M. Takahashi and  T. P. Simula and  T. Mizushima and K. Machida},
  journal = {Phys. Rev. A},
  volume = {81},
  pages = {063623},
  year = {2010}
}


@article{Aikawa2012,
  title = {{B}ose-{E}instein Condensation of {E}rbium},
  author = {Aikawa, K. and Frisch, A. and Mark, M. and Baier, S. and Rietzler, A. and Grimm, R. and Ferlaino, F.},
  journal = {Phys. Rev. Lett.},
  volume = {108},
  pages = {210401},
  year = {2012}
}



@article{HZhang2012,
  title = {Collective State Measurement of Mesoscopic Ensembles with Single-Atom Resolution},
  author = {Zhang, H. and McConnell, R. and \ifmmode \acute{C}\else \'{C}\fi{}uk, S. and Lin, Q. and Schleier-Smith, M. H. and Leroux, I. D. and Vuleti\ifmmode \acute{c}\else \'{c}\fi{}, V.},
  journal = {Phys. Rev. Lett.},
  volume = {109},
  pages = {133603},
  year = {2012}
}


@article{Safronova2004, 
author = {M. S. Safronova and C. W.  Clark},
journal = {Phys. Rev. A}, 
volume = {69},
pages = {040501(R)}, 
title = {Inconsistencies between lifetime and polarizability measurements in {C}s},  
year = {2004}
}

@article{Iskrenova-Tchoukova2007, 
author = {E. Iskrenova-Tchoukova and  M. S. Safronova and U. I. Safronova},
journal = {J. Comp. Meth. Sci. Eng.}, 
volume = {7},
pages = {521}, 
title = {High-precision study of {C}s polarizabilities},  
year = {2007}
}


@article{Alnis2008, 
author = {J. Alnis and A. Matveev and N. Kolachevsky and Th. Udem and T. W. H\"ansch},
journal = {Phys. Rev. A}, 
volume = {77},
pages = {053809}, 
title = {Subhertz linewidth diode lasers by stabilization to vibrationally and thermally compensated
ultralow-expansion glass {F}abry-{P}\'erot cavities},  
year = {2008}
}


@article{Kimble1998, 
author = {H. J. Kimble},
journal = {Phys. Scripta}, 
volume = {T76},
pages = {127}, 
title = {Strong Interactions of Single Atoms and Photons in Cavity {QED}},  
year = {1998}
}


@article{Mawardi2011, 
author = {A. Mawardi and S. Hild and A. Widera and D. Meschede},
journal = {Opt. Expr.}, 
volume = {19},
pages = {21205}, 
title = {{ABCD}-treatment of a propagating
doughnut beam generated by a spiral
phase plate},  
year = {2011}
}

@article{Reichel1999, 
author = {Reichel, J. and H\"ansel, W. and H\"ansch, T. W.},
journal = {Phys. Rev. Lett.},}, 
volume = {83},
pages = {3398--3401}, 
title = {Atomic Micromanipulation with Magnetic Surface Traps},  
year = {1999}
}





@article{Chaloupka1997, 
author = {J. L. Chaloupka and Y. Fisher and T. J. Kessler and D. D. Meyerhofer}, 
journal = {Opt. Lett.}, 
volume = {22},
pages = {1021}, 
title = {Single-beam, ponderomotive-optical trap for free
electrons and neutral atoms},  
year = {1997}
}



@article{Ozeri2002, 
author = {R. Ozeri and L. Khaykovich and N. Davidson}, 
journal = {Phys. Rev. A}, 
pages = {069903}, 
title = {erratum}, 
volume = {65}, 
year = {2002}
}

@article{Fano1985, 
author = {U. Fano}, 
journal = {Phys. Rev. A}, 
pages = {617}, 
title = {Propensity rules: An analytical approach}, 
volume = {32}, 
year = {1985}
}

@article{Xu2010, 
author = {Peng Xu and Xiaodong He and Jin Wang and Mingsheng Zhan}, 
journal = {Opt. Lett.}, 
pages = {2164--2166}, 
title = {Trapping a single atom in a blue detuned optical bottle beam trap}, 
volume = {35}, 
year = {2010}
}

@article{Fatemi2007, 
author = {F. K. Fatemi and M. Bashkansky and Z. Dutton}, 
journal = {Opt. Expr.}, 
pages = {3589}, 
title = {Dynamic high-speed spatial manipulation of cold
atoms using acousto-optic and spatial light modulation}, 
volume = {15}, 
year = {2007}
}

@article{Robicheaux1997, 
author = {F. Robicheaux and J. Shaw}, 
journal = {Phys. Rev. A}, 
pages = {278}, 
title = {}, 
volume = {56}, 
year = {1997}
}


@article{Yelin2004, 
author = {Dvir Yelin and Brett E. Bouma and Guillermo J. Tearney}, 
journal = {Opt. Lett.}, 
keywords = {Laser trapping; Propagating methods},
pages = {661--663}, 
title = {Generating an adjustable three-dimensional dark focus}, 
volume = {29}, 
year = {2004},
url = {http://ol.osa.org/abstract.cfm?URI=ol-29-7-661},
doi = {10.1364/OL.29.000661},
abstract = {Conditions for generating a dark focus surrounded by light in all three dimensions are presented. A simple technique for generating such a dark region is demonstrated experimentally. The method is compared with previous attempts at creating a three-dimensional dark focus.},
}


@Article{Olson2007,
  title = {Cold-atom confinement in an all-optical dark ring trap},
  author = {Olson, Spencer E. and Terraciano, Matthew L. and Bashkansky, Mark  and Fatemi, Fredrik K.},
  journal = {Phys. Rev. A},
  volume = {76},
  pages = {061404(R)},
  year = {2007}
}



@Article{LuYoun2010,
  title = {Trapping Ultracold {D}ysprosium: A Highly Magnetic Gas for Dipolar Physics},
  author = {Lu, M.  and Youn, S. H. and Lev, B. L.},
  journal = {Phys. Rev. Lett.},
  volume = {104},
  pages = {063001},
  year = {2010}
}

@Article{Youn2010,
  title = {Dysprosium magneto-optical traps},
  author = {Youn, S. H. and Lu, M.  and Ray, U.  and Lev, B. L.},
  journal = {Phys. Rev. A},
  volume = {82},
  pages = {043425},
  year = {2010}
}

@Article{Youn2010b,
  title = {Anisotropic sub-{D}oppler laser cooling in dysprosium magneto-optical traps},
  author = {Youn, S. H. and Lu, M.  and Lev, B. L.},
  journal = {Phys. Rev. A},
  volume = {82},
  pages = {043403},
  year = {2010}
}

@Article{Lu_Dy2011,
  title = {Strongly Dipolar {B}ose-{E}instein Condensate of {D}ysprosium},
  author = {Lu, M.  and Burdick, N. Q. and Youn, S. H. and Lev, B. L.},
  journal = {Phys. Rev. Lett.},
  volume = {107},
  pages = {190401},
  year = {2011}
}


@Article{Lu_Dy2012,
  title = {Quantum Degenerate Dipolar {F}ermi Gas},
  author = {Lu, M.  and Burdick, N. Q. and Lev, B. L.},
  journal = {Phys. Rev. Lett.},
  volume = {108},
  pages = {215301},
  year = {2012}
}


@Article{Sukachev2010,
  title = {Magneto-Optical Trap for {T}hulium Atoms},
  author = {D. Sukachev and  A. Sokolov and K. Chebakov and  A. Akimov and S. Kanorsky and  N. Kolachevsky and  V. Sorokin},
  journal = {Phys. Rev. A},
  volume = {82},
  pages = {011405(R)},
  year = {2010}
}

@Article{Beloy2012,
  title = {Determination of the 5d6s $^3\!D_1$ 
state lifetime and blackbody-radiation clock shift in {Y}b},
  author = {K. Beloy and J. A. Sherman and N. D. Lemke and N. Hinkley and C. W. Oates and A. D. Ludlow},
  journal = {Phys. Rev. A},
  volume = {86},
  pages = {051404(R)},
  year = {2012}
}

@Article{Beloy2006,
  title = {High-Accuracy Calculation of the Blackbody Radiation Shift in the $^{133}Cs$ Primary Frequency Standard},
  author = {Beloy, K.  and Safronova, U. I. and Derevianko, A. },
  journal = {Phys. Rev. Lett.},
  volume = {97},
  pages = {040801},
  year = {2006}
}

@Book{Woodgate1980,
author={G. K. Woodgate},
title= {Elementary atomic structure, 2$^{\rm nd}$ ed.},
publisher={Oxford University Press},
address={Oxford},
year={1980}
}

@Book{Metcalf1999,
author={H. J. Metcalf and P. van der Straten},
title= {Laser cooling and trapping},
publisher={Springer-Verlag},
address={New York},
year={1999}
}

@Book{vanderStraten2016,
author={P. van der Straten and H. J. Metcalf},
title= {Atoms and Molecules Interacting with Light: {A}tomic Physics for the Laser Era},
publisher={Cambridger University Press},
address={Cambridge},
year={2016}
}



@Book{Fano1986,
author={U. Fano and A. R. P. Rau},
title= {Atomic collisions and spectra},
publisher={Academic Press},
address={Orlando},
year={1986}
}

@Book{Kramers1938,
author={H. A. Kramers},
title= {Die {G}rundlagen der {Q}uantentheorie/{Q}uantentheorie des {E}lectrons und der {S}trahlung},
publisher={Akademische
Verlagsgesellschaft},
address={Leipzig},
year={1938},
note={{E}nglish translation: Quantum Mechanics, North-Holland, Amsterdam, 1957}
}

@Book{Bethe1977,
author={H. A. Bethe and E. E. Salpeter},
title= {Quantum mechanics of one- and two-electron atoms},
publisher={Plenum Publishing Corporation},
address={New York},
year={1977},
note={reprint of the original 1957 edition with some errors corrected}
}

@Book{Cowan1981,
author={R. D. Cowan},
title= {The theory of atomic structure and spectra},
publisher={University of California Press},
address={},
year={1981},
}

@Book{Grotrian1928,
author={W. Grotrian and M. Born and J. Frank eds.},
title= {Graphische {D}arstellung der {S}pektren von {A}tomen und {I}onen mit ein, 
zwei und drei {V}alenzelektronen: {Z}weiter {T}eil. Struktur der Materie in Einzeldarstellungen},
publisher={Springer-Verlag},
address= {Berlin},
year={1981}
}

@Book{Hartree1957,
author={D. R. Hartree},
title= {The calculation of atomic structures},
publisher={John Wiley \& Sons},
address= {New York},
year={1957}
}

@Book{Froese-Fischer2000,
author={C. Froese-Fischer and T. Brage and P. Jonsson},
title= {Computational Atomic Structure: An MCHF Approach},
publisher={Institute of Physics},
address= {London},
year={2000}
}

@Book{Grant2007,
author={I. P. Grant},
title= {Relativistic quantum theory of atoms and molecules},
publisher={Springer-Verlag},
address= {Berlin},
year={2007}
}


@book{Hall1977,
  title={Laser Spectroscopy},
  author={Hall, J.L. and Carlsten, J.L.},
  series={Lecture notes in physics},
  year={1977},
  publisher={Plenum Press}
}


@book{Sobelman2006,
  title={Theory of atomic spectra},
  author={I. I. Sobelman},
  series={},
  year={2006},
  publisher={Alpha Science International},
address={Oxford}
}
