@article{PHuft2022,
  title = {Simple, passive design for large optical trap arrays for single atoms},
  author = {Huft, P. and Song, Y. and Graham, T. M. and Jooya, K. and Deshpande, S. and Fang, C. and Kats, M. and Saffman, M.},
  journal = {Phys. Rev. A},
  volume = {105},
  issue = {6},
  pages = {063111},
  numpages = {12},
  year = {2022},
  month = {Jun},
  publisher = {American Physical Society},
  doi = {10.1103/PhysRevA.105.063111},
  url = {https://link.aps.org/doi/10.1103/PhysRevA.105.063111}
}