%
% bibtex file for Reviews of Modern Physics Rydberg paper
%
% version 2012.11.09
%
% organized by author/group:
%
% wisconsin
% molmer  ( M\o{}lmer seems to be the most reliable tex encoding)
%
% then alphabetically under "senior" author:
%
% adams
% cote
% dunning
% fleischhauer
% haroche
% gallagher, jones
% grangier
% haroche
% Lesanovsky
% Linden van den Heuvell
% lukin
% martin
% pfau
% pillet
% polzik
% raithel
% rempe
% robicheaux
% rost
% ryabtsev, beterov
% shaffer
% vuletic
% weidemueller
% zoller
%
% then followed by assorted
%
% we can add more categories as needed. article names should be
% lastname of first author, year, (a,b,c... as needed)
%
% note that bibtex listings downloaded from prola and other places
% include extra categories such as doi, numpages, url, etc. that are not
% needed and confuse the rmp bibstyle, giving errors in the compiled
% output. These extra categories should be removed.
%
%%%%%%%%%%%%%%%%%%%%%%%%%%%%%%%%%%
% Wisconsin
%%%%%%%%%%%%%%%%%%%%%%%%%%%%%%%%%%

@Article{Saffman2002,
  title = {Creating single-atom and single-photon sources from entangled atomic ensembles},
  author = {M. Saffman and Walker, T. G.},
  journal = {Phys. Rev. A},
  volume = {66},
  pages = {065403},
  year = {2002}
}

@article{Walker2005,
  author={T. G. Walker and M. Saffman},
  title={Zeros of {R}ydberg-{R}ydberg {F}\"oster interactions},
  journal={J. Phys. B: At. Mol. Opt. Phys.},
  volume={38},
pages={S309},
year={2005}
}

@article{Saffman2005a,
author = {M. Saffman and T. G. Walker},
title = {Analysis of a quantum logic device based on dipole-dipole interactions of optically trapped {R}ydberg atoms},
year = {2005},
journal = {Phys. Rev. A},
volume = {72},
pages = {022347}
}

@article{Saffman2005b,
author = {M. Saffman and T. G. Walker},
collaboration = {},
title = {Entangling single- and {N}-atom qubits for fast quantum state detection and transmission},
publisher = {APS},
year = {2005},
journal = {Phys. Rev. A},
volume = {72},
pages = {042302}
}

@article{saffman:049903,
author = {M. Saffman and T. G. Walker},
collaboration = {},
title = {Publisher's Note: Entangling single- and N-atom qubits for fast quantum state detection and transmission [Phys. Rev. A [bold 72], 042302 (2005)]},
publisher = {APS},
year = {2005},
journal = {Phys. Rev. A},
volume = {72},
pages = {049903}
}


@article{Johnson2008,
author = {T. A. Johnson and E. Urban and T. Henage and L. Isenhower and D. D. Yavuz and T. G. Walker and M. Saffman},
collaboration = {},
title = {{R}abi oscillations between ground and {R}ydberg states with dipole-dipole atomic interactions},
publisher = {APS},
year = {2008},
journal = {Phys. Rev. Lett.},
volume = {100},
pages = {113003}
}

@article{Yavuz2006,
author = {D. D. Yavuz and P. B. Kulatunga and E. Urban and T. A. Johnson and N. Proite and T. Henage and T. G. Walker and M. Saffman},
collaboration = {},
title = {Fast ground state manipulation of neutral atoms in microscopic optical traps},
publisher = {APS},
year = {2006},
journal = {Phys. Rev. Lett.},
volume = {96},
pages = {063001}
}

@article{Saffman2008,
author = {M. Saffman and K. M\o{}lmer},
collaboration = {},
title = {Scaling the neutral-atom {R}ydberg gate quantum computer by collective encoding in {H}olmium atoms},
publisher = {APS},
year = {2008},
journal = {Phys. Rev. A},
volume = {78},
pages = {012336}
}

@article{Day2008,
author = {J. O. Day and E. Brekke and T. G. Walker},
collaboration = {},
title = {Dynamics of low-density ultracold {R}ydberg gases},
publisher = {APS},

journal = {Phys. Rev. A},
volume = {77},
pages = {052712}
}

@article{Walker2008,
author = {T. G. Walker and M. Saffman},
collaboration = {},
title = {Consequences of {Z}eeman degeneracy for the van der {W}aals blockade between {R}ydberg atoms},
publisher = {APS},
year = {2008},
journal = {Phys. Rev. A},
volume = {77},
pages = {032723}
}


@article{Urban2009,
author = {E. Urban and T. A. Johnson and T. Henage and L. Isenhower and D. D. Yavuz and T. G. Walker and M. Saffman},
title = {Observation of {R}ydberg blockade between two atoms},
year = {2009},
journal = {Nature Phys.},
volume = {5},
pages = {110--114}
}




@article{Brekke2008,
author = {E. Brekke and J. O. Day  and T. G. Walker},
title = {Four-Wave Mixing in Ultracold Atoms using Intermediate {R}ydberg States},
year = {2008},
journal = {Phys. Rev. A},
volume = {78},
pages = {063830}
}

@article{Saffman2009b,
author = {M. Saffman and K. M\o{}lmer},
title = {Efficient Multiparticle Entanglement via Asymmetric {R}ydberg Blockade},
year = {2009},
journal = {Phys. Rev. Lett.},
volume = {102},
pages = {240502}
}


@article{Isenhower2010,
author = {L. Isenhower and E. Urban  and X. L. Zhang and A. T. Gill and T. Henage  and T. A. Johnson and T. G. Walker and M. Saffman},
title = {Demonstration of a neutral atom controlled-{NOT} quantum gate},
year = {2010},
journal = {Phys. Rev. Lett.},
volume={104},
pages={010503}
}

@article{Saffman2009c,
author = {M. Saffman and F. W. Wilhelm and R. F. McDermott},
title = {Quantum gates between superconducting and atomic qubits},
year = {2009},
journal = {Bull. Am. Phys. Soc.},
volume = {54},
pages = {E1.103}
}

@article{Urban2009b,
author = {E. Urban and  T. Henage and L. Isenhower and T. Johnson and T. G. Walker and M.
Saffman},
title = {AC Stark shifts in two-photon excitation of {R}ydberg levels},
year = {2009},
journal = {Bull. Am. Phys. Soc.},
volume = {54},
pages = {T1.23}
}

@article{Saffman2010,
author = {M. Saffman and T. G. Walker and K. M\o{}lmer},
title = {Quantum information with {R}ydberg atoms},
year = {2010},
journal = {Rev. Mod. Phys.},
volume = {82},
pages = {2313--2363}
}


@article{Zhang2010,
author = {X. L. Zhang and L. Isenhower and A. T. Gill and T. G. Walker and M. Saffman},
title = {Deterministic entanglement of two neutral atoms via {R}ydberg blockade},
year = {2010},
journal = {Phys. Rev. A},
volume = {82},
pages = {030306(R)}
}



@article{Saffman2011,
author = {M. Saffman and X. L. Zhang and A. T. Gill and L. Isenhower and T. G. Walker},
title = {Rydberg state mediated quantum gates and
entanglement of pairs of neutral atoms},
year = {2011},
journal = {J. Phys.: Conf. Ser.},
volume = {264},
pages = {012023}
}

@article{SZhang2011,
author={S. Zhang and F. Robicheaux and M. Saffman},
title={Magic-wavelength optical traps for {R}ydberg atoms},
journal={Phys. Rev. A},
volume={84},
pages={043408},
year={2011}
}

@article{Kemme2012,
author={S.A. Kemme and  G.R. Brady and A.R. Ellis and J.R. Wendt and  D.W. Peters and  G.W. Biedermann and 
T.R. Carter and  S. Samora and  J.A. Isaacs and  V.V. Ivanov and  M. Saffman},
title={Ultra-Fast Diffractive Optical Micro-Trap Arrays for Neutral Atom
Quantum Computing
},
journal={Proc. S.P.I.E.},
volume={8249},
pages={82490E},
year={2012}
}


@article{Li2012,
author={G. Li and S. Zhang and L. Isenhower and K. Maller and M. Saffman},title={A crossed vortex bottle beam trap for single-atom qubits
},
journal={Opt. Lett.},
volume={37},
pages={851},
year={2012}
}

@article{Brekke2009,
author = {E. Brekke},
title = {Ph. {D}. {T}hesis, {U}niversity of {W}isconsin-{M}adison},
year = {2009},
journal = {},
volume = {},
pages = {},
note={}
}


@article{Brekke2012,
  title = {Excitation suppression due to interactions between microwave-dressed {R}ydberg atoms},
  author = {Brekke, E. and Day, J. O. and Walker, T. G.},
  journal = {Phys. Rev. A},
  volume = {86},
  pages = {033406},
  year = {2012}
}


@article{Saffman2011b,
author = {M. Saffman and R. F. McDermott and F. Wilhelm},
title = {in preparation},
year = {2011}
}





@article{Isenhower2011,
author = {L. Isenhower and M. Saffman and K. M\o{}lmer},
title = {Multibit {C}$_k${NOT} quantum gates via {R}ydberg blockade}, 
year = {2011},
journal = {Quant. Inf. Proc.},
volume = {10},
pages = {755}
}

@article{XZhang2012,
author = {X. L. Zhang and  A. T. Gill and L. Isenhower and T. G. Walker and M. Saffman},
title = {Fidelity of a {R}ydberg blockade quantum gate from simulated quantum process
tomography},
journal={Phys. Rev. A},
volume={85},
pages={042310},
year = {2012}
}

@article{Walker2012,
author = {T. G. Walker and M. Saffman},
title = {Entanglement of Two Atoms using {R}ydberg blockade, },
journal={Adv. At. Mol. Opt. Phys.},
volume={61},
pages={81},
year = {2012}
}



@article{Maucher2011,
author = {F. Maucher and  N. Henkel and  M. Saffman and  
W. Kr\'olikowski and  S. Skupin and T. Pohl},
title = {{R}ydberg-Induced Solitons: Three-Dimensional Self-Trapping of Matter Waves},
journal={Phys. Rev. Lett.},
volume={106},
pages={170401},
year = {2011}
}

@article{Carr2013,
author = {A. W. Carr and  M. Saffman},
title = {Preparation of entangled and antiferromagnetic states by dissipative {R}ydberg pumping},
journal={Phys. Rev. Lett.},
volume={111},
pages={033607},
year = {2013}
}

@article{Ivanov2013,
author = {V. V. Ivanov and  J. A. Isaacs and M. Saffman and S.A. Kemme and  A.R. Ellis and  G.R. Brady and  J.R. Wendt and  G. W. Biedermann and S. Samora},
title = {Atom trapping in a bottle beam created by a diffractive optical element},
journal={},
volume={},
pages={},
note={arXiv:1305.5309},
year = {2013}
}

@article{Piotrowicz2013,
author = {M. J. Piotrowicz and  M. Lichtman and K. Maller and  G. Li and  S. Zhang and L. Isenhower and M. Saffman},
title = {Two-dimensional lattice of blue-detuned atom traps using a projected {G}aussian beam array},
journal={Phys. Rev. A},
volume={88},
pages={013420},
year = {2013}
}


@article{Carr2014t,
  title = {Improving Quantum computation with neutral {C}esium:  readout and cooling on a quadrupole line, conditions for double magic traps and novel dissipative entanglement scheme},
  author = {A. W. Carr},
  journal = {{P}h{D} thesis {U}niv. {W}isconsin-{M}adison},
  volume = {},
  pages = {},
note={},
  year = {2014}}


@article{Ebert2014,
author = {M. Ebert and  A. Gill and  M. Gibbons and  X. Zhang
and  M. Saffman and  T. G. Walker},
title = {Atomic {F}ock State Preparation Using {R}ydberg Blockade},
journal={Phys. Rev. Lett.},
volume={112},
pages={043602},
year = {2014}
}

@article{Ebert2015,
author = {M. Ebert and  M. Kwon and T. G. Walker and  M. Saffman},
title = {Coherence and {R}ydberg blockade of atomic ensemble qubits},
journal={Phys. Rev. Lett.},
volume={115},
pages={093601},
year = {2015}
}


@article{Xia2012,
author = {T. Xia and  A. Carr and G. Li and S. Zhang and M. Saffman},
title = {Spectroscopy of the {C}s 6s-5d quadrupole transition for qubit measurements},
journal={Bull. Am. Phys. Soc.},
volume={57},
pages={P3.00004},
year = {2012}, 
}



@article{Xia2013,
author = {T. Xia and  X. L.  Zhang
and  M. Saffman},
title = {Analysis of a controlled phase gate using circular {R}ydberg states},
journal={Phys. Rev. A},
volume={88},
pages={062337},
year = {2013}, 
}

@article{Pritchard2014,
author = {J. D. Pritchard and J. A. Isaacs and M. A. Beck and R. McDermott and  M. Saffman},
title = {Hybrid Atom  - Photon Quantum Gate in a Superconducting Microwave Resonator},
journal={Phys. Rev. A},
volume={89},
pages={010301(R)},
year = {2014}
}

@article{Carr2016,
author = {A. W. Carr and  M. Saffman},
title = {Doubly magic optical trapping for {C}s atom hyperfine clock transitions},
journal={Phys. Rev. Lett.},
volume={117},
pages={150801},
year = {2016}
}

@article{Hostetter2015,
author = {J. Hostetter and  J. D. Pritchard and  J. E. Lawler and M. Saffman},
title = {Measurement of {H}olmium {R}ydberg series through {MOT} depletion
spectroscopy
},
journal={Phys. Rev. A},
volume={91},
pages={012507},
year = {2015}
}






@article{Saffman2014b,
  title = {Neutral atom adiabatic quantum computation architectures with {R}ydberg dressing},
  author = {M. Saffman},
  note = {unpublished},
  year = {2014}
}



@article{Xia2015,
author = {T. Xia and  M. Lichtman and K. Maller and   A. W. Carr  and M. J. Piotrowicz and  L. Isenhower and M. Saffman},
title={Randomized benchmarking of single-qubit gates in a  {2D}  array of neutral-atom qubits},
journal={Phys. Rev. Lett.},
volume={114},
pages={100503},
year={2015}}

@article{Saffmanu2015,
  title = {},
  author = {M. Saffman},
  journal = {unpublished},
  year = {2015}
}

@article{Maller2015,
author = {K. Maller and  M. T. Lichtman  and  T. Xia and Y. Sun and  M. J.  Piotrowicz and A. W.  Carr and  L. Isenhower and M. Saffman},
title={{R}ydberg-blockade controlled-{NOT} gate and entanglement in a two-dimensional array of neutral-atom qubits},
journal={Phys. Rev. A},
volume={92},
pages={022336},
year={2015}}

@article{Maller2015b,
author = {K. Maller and  M. Lichtman  and M. Saffman},
title={Two-dimensional acousto-optic beam scanning for single qubit addressing},
journal={in preparation},
year={2015}}

@article{Lichtman2015a,
author = {M. Lichtman  and M. Saffman},
title={Atom trapping in a two-dimensional {G}aussian line array},
journal={in preparation},
year={2015}}

@article{GLApatent,
author = {M. Saffman and M. Lichtman},
title={System and method for optical confinement of atomic particles},
journal={{US} patent 9,355,750, granted May 31, 2016}}

@article{Saffman2015,
author = {M. Saffman},
title={High fidelity {R}ydberg blockade entangling gate using shaped pulses},
journal={manuscript in preparation},
year={2015}}

@article{Beterov2015,
author = {I. I. Beterov and M. Saffman},
title={{R}ydberg blockade, {F}\"orster resonances, and quantum state measurements with different atomic species},
journal={Phys. Rev. A}, volume={92}, pages={042710},
year={2015}}


@article{Petrosyan2016,
author = {D. Petrosyan and  M. Saffman and K. M\o{}lmer},
title={Grover search algorithm with {R}ydberg-blockaded atoms: quantum {M}onte-{C}arlo simulations},
journal={J. Phys. B: At. Mol. Opt. Phys.},
volume={49},
pages={094004}, 
year={2016}}


@article{Theis2016b,
author = {L. S. Theis and F. Motzoi and F. K. Wilhelm and M. Saffman},
title={A high fidelity {R}ydberg blockade entangling gate using shaped, analytic pulses},
journal={Phys. Rev. A},
volume={94},
pages={032306}, 
year={2016}}

@article{Saffman2016,
  title = {Quantum computing with atomic qubits and
{R}ydberg interactions: Progress and challenges},
  author = {M. Saffman},
  journal = {J. Phys. B},
  volume = {49},
  pages = {202001},
  year = {2016}}

@article{Crow2016,
  author = {D. Crow and  R. Joynt and M. Saffman},
  title = {Improved error thresholds for measurement-free error correction},
  journal = {Phys. Rev. Lett.},
  volume = {117},
  pages = {130503},
  year = {2016}}

@article{Booth2018,
  author = {D. W. Booth and J. I. Isaacs and  M. Saffman},
  title = {Reducing the sensitivity of {R}ydberg atoms to dc electric fields using two-frequency ac field dressing},
  journal = {Phys. Rev. A},
  volume = {97},
  pages = {012515},
  year = {2018}}

@article{Saffman2017,
  author = {M. Saffman and  D. W. Booth and  J. Hostetter and  C. Yip and J. A. Collett},
  title = {An architecture for quantum computing with magnetically trapped {H}olmium atoms},
  journal = {manuscript in preparation},
  volume = {},
  pages = {},
  year = {2017}}

@article{Petrosyan2017,
  author = {D. Petrosyan and  F. Motzoi and M. Saffman and K. M\o{}lmer},
  title = {High-fidelity {R}ydberg quantum gate via a two-atom dark state},
  journal = {Phys. Rev. A },
  volume = {96},
  pages = {042306},
  year = {2017}}

@article{Weiss2017,
  author = {D. S. Weiss and M. Saffman},
  title = {Quantum computing with neutral atoms},
  journal = {Phys. Today},
  volume = {70},
  pages = {44},
  year = {2017}}

@article{Gard2017,
  author = {B. T. Gard and K. Jacobs and R. McDermott and M. Saffman},
  title = {Microwave-to-optical frequency conversion using a cesium atom coupled
to a superconducting resonator},
  journal = {Phys. Rev., A},
  volume = {96},
  pages = {013833},
  year = {2017}}

@article{Robicheaux2018,
  author = {F. Robicheaux and  D. W. Booth  and M. Saffman},
  title = {Theory of long range interactions for {R}ydberg states attached to hyperfine split cores},
  journal = {Phys. Rev. A},
  volume = {97},
  pages = {022508},
  year = {2018}}

@article{Beterov2018b,
  title = {Fast three-qubit {T}offoli quantum gate based on three-body {F}\"orster 
resonances in {R}ydberg atoms},
  author = {Beterov, I. I. and Ashkarin, I. N. and Yakshina, E. A. and Tretyakov, D. B. and Entin, V. M. and Ryabtsev, I. I. and Cheinet, P. and Pillet, P. and Saffman, M.},
  journal = {Phys. Rev. A},
  volume = {98},
  pages = {042704},
  year = {2018}
}



@article{Graham2019,
  author = {T. Graham and M. Kwon and B. Grinkemeyer and  A. Marra and X. Jiang and   M. Lichtman and Y. Sun and M. Ebert   and M. Saffman},
  title = {Rydberg mediated entanglement in a two-dimensional neutral atom qubit array},
  journal = {Phys. Rev. Lett.},
  volume = {123},
  pages = {230501},
year = {2019}}

@article{Graham2019b,
  author = {T. Graham and B. Grinkemeyer and A. Marra and M. Lichtman and M. Saffman},
  title = {A reconfigurable grid of lines for atom trapping},
  journal = {manuscript in preparation},
  volume = {},
  pages = {},
  year = {2019}}


@article{Covey2019,
  author = {J. P. Covey and  A. Sipahigil and  M. Saffman},
  title = {Microwave-to-optical conversion via four-wave-mixing in a cold ytterbium ensemble},
  journal = {Phys. Rev. A},
  volume = {100},
  pages = {012307},
  year = {2019}}

@article{Petrosyan2019,
  author = {D. Petrosyan and K. M\o{}lmer and J. Fort\'agh and   M. Saffman},
  title = {Microwave to optical conversion with atoms on a superconducting chip},
  journal = {arXiv:1904.09197, to appear New J. Phys.},
  volume = {},
  pages = {},
  year = {2019}}

@article{Saffman2020,
  author = {M. Saffman and I. I. Beterov and A. Dalal and  E. J. Paez and  B. C. Sanders},
  title = {Symmetric {R}ydberg controlled$-{Z}$ gates with adiabatic pulses},
  journal = {Phys. Rev. A},
  volume = {101},
  pages = {062309},
  year = {2020}}

@article{Graham2020,
  author = {T. Graham},
  title = {Rydberg gate analysis},
  journal = {(unpublished)},
  volume = {},
  pages = {},
year = {2020}}


@article{Robicheaux2021,
  author = {F. Robicheaux and T. Graham and M. Saffman},
  title = {Photon recoil and laser focusing limits to {R}ydberg gate fidelity},
  journal = {Phys. Rev. A},
  volume = {103},
  pages = {022424},
year = {2021}}

@article{Hickman2019,
author = {G. Hickman 
and
M. Ebert 
and
T. Graham 
and
X. Jiang 
and
S. Vanga 
and
C. Vollbrecht 
and
R. Goldsmith 
and
M. Saffman},
title = {Progress towards a dual species atomic quantum repeater node
using a high-finesse fiber resonator},
journal = {Bull. Am. Phys. Soc., DAMOP},
year = {2019},
volume={},
pages = {E01.00093}
}

@article{Hickman2019b,
author = {Garrett Hickman 
and
Cecilia Vollbrecht 
and
Brandon Mehlenbacher 
and
Zhaoning Yu 
and
Yuzhe Xiao 
and
Randall Goldsmith 
and
Mikhail Kats 
and
Mark Saffman},
title = {A fully-integrated single-photon source based on single {R}b atoms},
journal = {Bull. Am. Phys. Soc., DAMOP},
year = {2019},
volume={},
pages = {S01.00086}
}


@article{XJiang2021,
  author = {X. Jiang and M. Saffman and M. Otten},
  title = {Simulation of a neutral atom implementation of the 
surface code},
  journal = {manuscript in preparation},
  volume = {},
  pages = {},
year = {2021}}


%%%%%%%%%%%%%%%%%%%%%%%%%%%%%%%%%%
% Molmer
%%%%%%%%%%%%%%%%%%%%%%%%%%%%%%%%%%
@Article{Bouchoule2002,
  title = {Spin squeezing of atoms by the dipole interaction in virtually excited {R}ydberg states},
  author = {Bouchoule, Isabelle  and M\o{}lmer, Klaus },
  journal = {Phys. Rev. A},
  volume = {65},
  pages = {041803(R)},
  year = {2002}
}



@Article{Roos2004,
  title = {Quantum computing with an inhomogeneously broadened ensemble of ions: Suppression of errors from
detuning variations by specially adapted pulses and coherent population trapping},
  author = {Roos, I.  and M\o{}lmer, K.},
  journal = {Phys. Rev. A},
  volume = {69},
  pages = {022321},
  year = {2004}
}




@Article{Sorensen2001,
   author = {S\o{}rensen, A. S. and M\o{}lmer, K. },
    title = {Entanglement and Extreme Spin Squeezing},
  journal = {Phys. Rev. Lett.},
  volume = {86},
  pages = {4431},
  year = {2001}
}

@Article{Wesenberg2004,
  title = {Field Inside a Random Distribution of Parallel Dipoles},
  author = {Wesenberg, J. H. and M\o{}lmer, K. },
  journal = {Phys. Rev. Lett.},
  volume = {93},
  pages = {143903},
  year = {2004}
}

@article{Wesenberg2007,
author = {J. H. Wesenberg and K. M\o{}lmer and L. Rippe and S. Kr\"{o}ll},
collaboration = {},
title = {Scalable designs for quantum computing with rare-earth-ion-doped crystals},
year = {2007},
journal = {Phys. Rev. A},
volume = {75},
pages = {012304}
}



@article{Brion2007a,
author = {E. Brion and L. H. Pedersen and K. M\o{}lmer and S. Chutia and M. Saffman},
title = {Universal quantum computation in a neutral-atom decoherence-free subspace},
year = {2007},
journal = {Phys. Rev. A},
volume = {75},
pages = {032328}
}

@article{Brion2007b,
  author={E. Brion and L. H. Pedersen and K. M\o{}lmer},
  title={Implementing a neutral atom {R}ydberg gate without populating the {R}ydberg state},
  journal={Journ. Phys. B},
  volume={40},
  pages={S159},
  year={2007}
}

@article{Brion2007c,
author = {E. Brion and A. S. Mouritzen and K. M\o{}lmer},
collaboration = {},
title = {Conditional dynamics induced by new configurations for {R}ydberg dipole-dipole interactions},
year = {2007},
journal = {Phys. Rev. A},
volume = {76},
pages = {022334}
}

@article{Brion2007d,
author = {E. Brion and K. M\o{}lmer and M. Saffman},
collaboration = {},
title = {Quantum Computing with Collective Ensembles of Multilevel Systems},
year = {2007},
journal = {Phys. Rev. Lett.},
volume = {99},
pages = {260501}
}

@article{Brion2008,
author = {E. Brion and L. H. Pedersen and M. Saffman and K. M\o{}lmer},
collaboration = {},
title = {Error Correction in Ensemble Registers for Quantum Repeaters and Quantum Computers},
year = {2008},
journal = {Phys. Rev. Lett.},
volume = {100},
pages = {110506}
}

@article{Moller2008,
author = {D. M\o{}ller and L. B. Madsen and K. M\o{}lmer},
title = {Quantum Gates and Multiparticle Entanglement by {R}ydberg Excitation Blockade and Adiabatic Passage},
publisher = {APS},
year = {2008},
journal = {Phys. Rev. Lett.},
volume = {100},
pages = {170504}
}





@article{Pedersen2009,
author = {L. H. Pedersen and K. M\o{}lmer},
title = {Few qubit atom-light interfaces with collective encoding},
year = {2009},
journal = {Phys. Rev. A },
volume = {79},
pages = {012320}
}



@UNPUBLISHED{Poulsen2010,
  AUTHOR ={U. V. Poulsen and K. M\o{}lmer},
 journal ={to be published},
year={2010},
volume={xxx},
pages={xxx}
}

@article{Tordrup2008,
author = {Karl Tordrup and Antonio Negretti and Klaus M\o{}lmer},
collaboration = {},
title = {Holographic Quantum Computing},
year = {2008},
journal = {Phys. Rev. Lett.},
volume = {101},
pages = {040501}
}



@article{Nielsen2010,
author = {A. E. B. Nielsen and K. M\o{}lmer},
collaboration = {},
title = {Deterministic multimode photonic device for quantum-information processing},
journal={Phys. Rev. A},
volume={81},
pages={043822},
year={2010}
}

@article{Nielsen2010b,
author = {A. E. B. Nielsen and K. M\o{}lmer},
collaboration = {},
title = {Topological matter with collective encoding and {R}ydberg blockade},
journal={Phys. Rev. A},
volume={82},
pages={052326},
year={2010}
}

@UNPUBLISHED{Molmer2009,
  AUTHOR ={K. M\o{}lmer},
  TITLE ={unpublished},
year={2009},
journal={xxx},
volume={xxx},
pages={xxx}
}

@article{Molmer2011,
author = {K. M\o{}lmer and L. Isenhower and M. Saffman},
title = {Efficient {G}rover search with {R}ydberg blockade},
year = {2011},
journal = {J. Phys. B: At. Mol. Opt. Phys.},
volume = {44},
pages = {184016}
}

@article{Pritchard2012,
title = {Correlated Photon Emission from Multiatom {R}ydberg Dark States},
  author = {Pritchard, J. D. and Adams, C. S. and M\o{}lmer, K.},
  journal = {Phys. Rev. Lett.},
  volume = {108},
  pages = {043601},
  year = {2012}
}

@article{Brion2012,
  title = {Quantum repeater with {R}ydberg-blocked atomic ensembles in fiber-coupled cavities},
  author = {Brion, E. and Carlier, F. and Akulin, V. M. and M\o{}lmer, K.},
  journal = {Phys. Rev. A},
  volume = {85},
  pages = {042324},
  year = {2012}
}

@article{Miroshnychenko2013,
  title = {Directional emission of single photons from small atomic samples},
  author = {Miroshnychenko, Yevhen and Poulsen, Uffe V. and M\o{}lmer, Klaus},
  journal = {Phys. Rev. A},
  volume = {87},
  pages = {023821},
  year = {2013}
}

@article{Rao2012,
  title = {Effect of qubit losses on {G}rover's quantum search algorithm},
  author = {Rao, D. D. B. and M\o{}lmer, K.},
  journal = {Phys. Rev. A},
  volume = {86},
  pages = {042321},
  year = {2012}}


@article{Rao2013,
  title = {Dark Entangled Steady States of Interacting {R}ydberg Atoms},
  author = {Rao, D. D. B. and M\o{}lmer, K.},
  journal = {Phys. Rev. Lett.},
  volume = {111},
  pages = {033606},
  numpages = {4},
  year = {2013}
}


@article{Gulliksen2013,
  title = {Process characterization with {M}onte {C}arlo wave functions},
  author = {Gulliksen, J. and Rao, D. D. B. and M\o{}lmer, K.},
  journal = {Phys. Rev. A},
  volume = {88},
  pages = {052129},
  year = {2013}}


@article{Petrosyan2013,
  title = {Stimulated adiabatic passage in a dissipative ensemble of atoms with strong {R}ydberg-state interactions},
  author = {Petrosyan, D. and M\o{}lmer, K.},
  journal = {Phys. Rev. A},
  volume = {87},
  pages = {033416},
  year = {2013}
}


@article{Petrosyan2014,
  title = {Binding Potentials and Interaction Gates between Microwave-Dressed {R}ydberg Atoms},
  author = {Petrosyan, D. and M\o{}lmer, K.},
  journal = {Phys. Rev. Lett.},
  volume = {113},
  pages = {123003},  year = {2014}}

@article{Rao2014,
  title = {Robust {R}ydberg-interaction gates with adiabatic passage},
  author = {Rao, D. D. B. and M\o{}lmer, K.},
  journal = {Phys. Rev. A},
  volume = {89},
  pages = {030301(R)},
  year = {2014}}


@article{Rao2014b,
  title = {Deterministic entanglement of {R}ydberg ensembles by engineered dissipation},
  author = {Rao, D. D. B. and M\o{}lmer, K.},
  journal = {Phys. Rev. A},
  volume = {90},
  pages = {062319},
  year = {2014}}

@article{Gulliksen2015,
  title = {Characterization of how dissipation and dephasing errors accumulate in quantum computers},
  author = { J. Gulliksen and  D. D. B. Rao and K. M\o{}lmer},
  journal = {EPJ Quantum Technology},
  volume = {2},
  pages = {4},
  year = {2015}}

@article{Petrosyan2015,
author={D. Petrosyan and  D. D. B. Rao and K. M\o{}lmer},
title={ Filtering single atoms from {R}ydberg blockaded mesoscopic ensembles},
journal={ Phys. Rev. A},
volume={ 91},
pages={ 043402},
year={2015}}

@article{Xu2015a,
author={Qing Xu and Eliska Greplova and Brian Juulsgaard  and Klaus M\o{}lmer},
title={Correlation functions and conditioned quantum dynamics in photodetection theory},
journal={arXiv:1506.08654},
volume={},
pages={},
year={2015}}

@article{Xu2015b,
author={Qing Xu and Eliska Greplova and Brian Juulsgaard  and Klaus M\o{}lmer},
title={Intensity and amplitude correlations in the fluorescence from atoms with interacting {R}ydberg states},
journal={to be submitted},
volume={},
pages={},
year={2015}}


@article{Wade2016,
  title = {Single-atom single-photon coupling facilitated by atomic-ensemble dark-state mechanisms},
  author = {A. C. J. Wade and M.  Mattioli and  K. M\o{}lmer},
  journal = {Phys. Rev. A},
  volume = {94},
  pages = {053830},
  year = {2016}}



@article{Khazali2020,
  title = {Fast Multiqubit Gates by Adiabatic Evolution in 
Interacting Excited-State Manifolds of {R}ydberg Atoms and Superconducting Circuits},
  author = {Khazali, M. and M\o{}lmer, K.},
  journal = {Phys. Rev. X},
  volume = {10}, 
  pages = {021054}, 
  year = {2020}
}



%%%%%%%%%%%%%%%%%%%%%%%%%%%%%%%%%%
% Adams
%%%%%%%%%%%%%%%%%%%%%%%%%%%%%%%%%%

@article{Potvliege2006,
  author={R. M. Potvliege and C. S. Adams},
  title={Photo-ionization in far-off-resonance optical lattices},
  journal={New J. Phys.},
  volume={8},
  pages={163},
  year={2006}
}

@article{Mohapatra2007,
author = {A. K. Mohapatra and T. R. Jackson and C. S. Adams},
collaboration = {},
title = {Coherent Optical Detection of Highly Excited {R}ydberg States Using Electromagnetically Induced Transparency},
year = {2007},
journal = {Phys. Rev. Lett.},
volume = {98},
pages = {113003}
}

@article{Weatherill2008,
author = {K. J. Weatherill and J. D Pritchard and R. P. Abel and A. K. Mohapatra and M. G. Bason and  C. S. Adams},
title = {Electromagnetically induced transparency of an interacting cold {R}ydberg ensemble},
year = {2008},
journal = {J. Phys. B: At. Mol. Opt. Phys.},
volume = {41},
pages = {201002}
}

@article{Bason2008,
author = {M. G. Bason and A. K. Mohapatra and K. J. Weatherill and C. S. Adams},
title = {Electro-optic control of atom-light interactions using {R}ydberg dark-state polaritons},
year = {2008},
journal = {Phys. Rev. A},
volume = {77},
pages = {032305}
}

@article{Mohapatra2008,
author = {A. K. Mohapatra and M. G. Bason and B. Butscher and K. J. Weatherill and  C. S. Adams},
title = {A giant electro-optic effect using polarizable dark states},
year = {2008},
journal = {Nat. Phys.},
volume = {4},
pages = {890}
}


@article{Abel2009,
author = {R. P. Abel and A. K. Mohapatra and M. G. Bason and J. D. Pritchard and K. J. Weatherill and U. Raitzsch and C. S. Adams},
title = {Laser frequency stabilization to excited state transitions using electromagnetically induced transparency in a cascade system},
year = {2009},
journal = {Appl. Phys. Lett.},
volume = {94},
pages = {071107}
}

@article{Pritchard2009,
author = {J. D. Pritchard and  A. Gauguet and  K. J. Weatherill and  M. P. A. Jones and C. S. Adams},
title = {Cooperative optical nonlinearity due to dipolar interactions in an ultra-cold {R}ydberg ensemble},
year = {2009},
journal = {arXiv:0911.3523},
volume = {},
pages = {}
}

@article{Abel2011,
  author = {Abel, R. P. and Carr, C. and Krohn, U. and Adams, C. S.},
  title = {Electrometry near a dielectric surface using {R}ydberg electromagnetically induced transparency},
  year = {2011},
  pages = {023408},
  journal = {Phys. Rev. A},
  volume = {84}
}

@article{Maxwell2013,
  title = {Storage and Control of Optical Photons Using {R}ydberg Polaritons},
  author = {Maxwell, D. and Szwer, D. J. and Paredes-Barato, D. and Busche, H. and Pritchard, J. D. and Gauguet, A. and Weatherill, K. J. and Jones, M. P. A. and Adams, C. S.},
  journal = {Phys. Rev. Lett.},
  volume = {110},
  pages = {103001},
  year = {2013}}

@article{Maxwell2014,
  title = {Microwave control of the interaction between two optical photons},
  author = {Maxwell, D. and Szwer, D. J. and Paredes-Barato, D. and Busche, H. and Pritchard, J. D. and Gauguet, A. and Jones, M. P. A. and Adams, C. S.},
  journal = {Phys. Rev. A},
  volume = {89},
  pages = {043827},
  year = {2014}}

@article{Paredes-Barato2014,
  title = {All-Optical Quantum Information Processing Using {R}ydberg Gates},
  author = {Paredes-Barato, D. and Adams, C. S.},
  journal = {Phys. Rev. Lett.},
  volume = {112},
  pages = {040501},
  year = {2014}}

@article{Firstenberg2016,
  title = {Nonlinear quantum optics mediated by {R}ydberg interactions},
  author = {O. Firstenberg and  C. S. Adams and  S. Hofferberth},
  journal = {J. Phys. B: At. Mol. Opt. Phys.},
  volume = {49},
  pages = {152003},
  year = {2016}}



%%%%%%%%%%%%%%%%%%%%%%%%%%%%%%%%%%
% Cote
%%%%%%%%%%%%%%%%%%%%%%%%%%%%%%%%%%

@Article{Boisseau2002,
  title = {Macrodimers: Ultralong Range {R}ydberg Molecules},
  author = {Boisseau, Christophe  and Simbotin, Ionel  and C\^ot\'e, Robin },
  journal = {Phys. Rev. Lett.},
  volume = {88},
  pages = {133004},
  year = {2002}
}

@Article{Farooqi2003,
  title = {Long-Range Molecular Resonances in a Cold {R}ydberg Gas},
  author = {Farooqi, S. M. and Tong, D.  and Krishnan, S.  and Stanojevic, J.  and 
Zhang, Y. P. and Ensher, J. R. and Estrin, A. S. and Boisseau, C.  and C\^ot\'e, R.  and Eyler, E. E. and Gould, P. L.},
  journal = {Phys. Rev. Lett.},
  volume = {91},
  pages = {183002},
  year = {2003}
}

@Article{Tong2004,
  title = {Local Blockade of {R}ydberg Excitation in an Ultracold Gas},
  author = {Tong, D.  and Farooqi, S. M. and Stanojevic, J.  and Krishnan, S.  and Zhang, Y. P. and C\^ot\'e, R.  and Eyler, E. E. and Gould, P. L.},
  journal = {Phys. Rev. Lett.},
  volume = {93},
  pages = {063001},
  year = {2004}
}

@article{Cote2006,
  author={R. C\^ot\'e and A. Russell and E. E. Eyler and P. L. Gould},
  title={Quantum random walk with {R}ydberg atoms in an optical lattice},
  journal={New J. Phys.},
  volume={8},
  pages={156},
  year={2006}
}

@article{Stanojevic2006,
  author={J. Stanojevic and  R. C\^ot\'e and  D. Tong and  S.M. Farooqi and  E. E. Eyler and P.L. Gould},
  title={Long-range {R}ydberg-{R}ydberg interactions and molecular resonances},
  journal={Eur. Phys. J. D},
  volume={40},
  pages={3},
  year={2006}
}



@article{Stanojevic2008,
author = {J. Stanojevic and R. C\^{o}t\'{e} and D. Tong and E. E. Eyler and P. L. Gould},
title = {Long-range potentials and (n - 1)d + ns molecular resonances in an ultracold {R}ydberg gas},
year = {2008},
journal = {Phys. Rev. A},
volume = {78},
pages = {052709}
}





@article{Wang2007,
author = {T. Wang and S. F. Yelin and R. C\^ot\'e and E. E. Eyler and S. M. Farooqi and P. L. Gould and M. Kostrun and D. Tong and D. Vrinceanu},
title = {Superradiance in ultracold {R}ydberg gases},
year = {2007},
journal = {Phys. Rev. A},
volume = {75},
pages = {033802}
}

@article{Tong2009,
author = {D. Tong and S. M. Farooqi and E. G. M. van Kempen and Z. Pavlovic and J. Stanojevic and R. C\^{o}t\'{e} and E. E. Eyler and P. L. Gould},
title = {Observation of electric quadrupole transitions to {R}ydberg nd states of ultracold {R}ubidium atoms},
year = {2009},
journal = {Phys. Rev. A},
volume = {79},
pages = {052509}
}

@article{Stanojevic2009,
author = {J. Stanojevic and R. C\^{o}t\'{e}},
title = {Many-body {R}abi oscillations of {R}ydberg excitation in small mesoscopic samples},
year = {2009},
journal = {Phys. Rev. A},
volume = {80},
pages = {033418}
}


%%%%%%%%%%%%%%%%%%%%%%%%%%%%%%%%%%
% Dunning
%%%%%%%%%%%%%%%%%%%%%%%%%%%%%%%%%%


@Book{Stebbings1983,
author={R. F. Stebbings and F. B. {Dunning, Eds.}},
title= {{R}ydberg states of atoms and molecules},
publisher={Cambridge University Press},
address={ Cambridge},
year={ 1983}
}


@article{Frey1993,
author = {M. T. Frey and X. Ling and B. G. Lindsay and K. A. Smith and F. B. Dunning},
title = {Use of the Stark effect to minimize residual electric fields in an experimental volume},
year = {1993},
journal = {Rev. Sci. Instr.},
volume = {64},
pages = {3649}
}


@Article{Frey1995,
  title = {Studies of Electron-Molecule Scattering at Microelectronvolt Energies Using Very-High- $n$ {R}ydberg Atoms},
  author = {Frey, M. T. and Hill, S. B. and Smith, K. A. and Dunning, F. B. and Fabrikant, I. I.},
  journal = {Phys. Rev. Lett.},
  volume = {75},
  pages = {810},
  numpages = {3},
  year = {1995}
}

@Article{Tannian2000,
  title = {Kicked {R}ydberg atom: Response to trains of unidirectional and bidirectional impulses},
  author = {Tannian, B. E. and Stokely, C. L. and Dunning, F. B. and Reinhold, C. O. and Yoshida, S.  and Burgd\"orfer, J. },
  journal = {Phys. Rev. A},
  volume = {62},
  pages = {043402},
  year = {2000}
}

@article{Yoshida2007,
author = {S. Yoshida and C. O. Reinhold and J. Burgd\"{o}rfer and W. Zhao and J. J. Mestayer and J. C. Lancaster and F. B. Dunning},
collaboration = {},
title = {Electric Dipole Echoes in {R}ydberg Atoms},
publisher = {APS},
year = {2007},
journal = {Phys. Rev. Lett.},
volume = {98},
pages = {203004}
}

@article{Neufeld2011,
author = {D. D. Neufeld and Y. Pu and F. B. Dunning},
collaboration = {},
title = {Probing stray surface electric patch fields using {R}ydberg atoms},
publisher = {APS},
year = {2011},
journal = {Nucl. Instrum. Meth. Phys. Res. B},
volume = {269},
pages = {1288--1291}
}

@article{Ding2018,
  title = {Spectroscopy of $^{87}\mathrm{Sr}$ triplet {R}ydberg states},
  author = {Ding, R. and Whalen, J. D. and Kanungo, S. K. and Killian, T. C. and Dunning, F. B. and Yoshida, S. and Burgd\"orfer, J.},
  journal = {Phys. Rev. A},
  volume = {98},
   pages = {042505},
   year = {2018}}

%%%%%%%%%%%%%%%%%%%%%%%%%%%%%%%%%%
% Fleischhauer
%%%%%%%%%%%%%%%%%%%%%%%%%%%%%%%%%%

@Article{Fleischhauer2000,
  title = {Dark-State Polaritons in Electromagnetically Induced Transparency},
  author = {Fleischhauer, M.  and Lukin, M. D.},
  journal = {Phys. Rev. Lett.},
  volume = {84},
  pages = {5094},
  year = {2000}
}

@Article{Unanyan2002,
  title = {Efficient and robust entanglement generation in a many-particle system with resonant dipole-dipole interactions},
  author = {Unanyan, R. G. and Fleischhauer, M. },
  journal = {Phys. Rev. A},
  volume = {66},
  pages = {032109},
  year = {2002}
}

@article{Friedler2005,
author = {Friedler, I and Petrosyan, D. and Fleischhauer, M. and Gershon Kurizki},
collaboration = {},
title = {Long-range interactions and entanglement of slow single-photon pulses},
year = {2005},
journal = {Phys. Rev. A},
volume = {72},
pages = {043803}
}


@article{Fleischhauer2005,
author = {M. Fleischhauer and A. Imamoglu and J. P. Marangos},
collaboration = {},
title = {Electromagnetically induced transparency: Optics in coherent media},
year = {2005},
journal = {Rev. Mod. Phys.},
volume = {77},
pages = {633}
}


@article{Petrosyan2008,
author = {David Petrosyan and Michael Fleischhauer},
collaboration = {},
title = {Quantum Information Processing with Single Photons and Atomic Ensembles in Microwave Coplanar Waveguide Resonators},
publisher = {APS},
year = {2008},
journal = {Phys. Rev. Lett.},
volume = {100},
pages = {170501}
}


%%%%%%%%%%%%%%%%%%%%%%%%%%%%%%%%%%
% Gallagher, Jones
%%%%%%%%%%%%%%%%%%%%%%%%%%%%%%%%%%


@Book{Gallagher1994,
author={T. F. Gallagher},
title= {{R}ydberg atoms},
publisher={Cambridge University Press},
address={ Cambridge},
year={ 1994}
}

@Article{Safinya1981,
  title = {Resonant {R}ydberg-Atom-{R}ydberg-Atom Collisions},
  author = {Safinya, K. A. and Delpech, J. F. and Gounand, F.  and Sandner, W.  and Gallagher, T. F.},
  journal = {Phys. Rev. Lett.},
  volume = {47},
  pages = {405},
  year = {1981}
}

@Article{Gallagher1982,
  title = {Resonant {R}ydberg-atom \char22{} {R}ydberg-atom collisions},
  author = {Gallagher, T. F. and Safinya, K. A. and Gounand, F.  and Delpech, J. F. and Sandner, W.  and Kachru, R. },
  journal = {Phys. Rev. A},
  volume = {25},
  pages = {1905},
  year = {1982}
}

@article{Cheng1994,
  title = {Production of Circular {R}ydberg States with Circularly Polarized Microwave Fields},
  author = {Cheng, C. H. and Lee, C. Y. and Gallagher, T. F.},
  journal = {Phys. Rev. Lett.},
  volume = {73},
  pages = {3078--3081},
  year = {1994}
}



@article{Mourachko1998,
	Author = {Mourachko, I. and Comparat, D. and de Tomasi, F. and Fioretti, A. and Nosbaum, P. and Akulin, V. M. and Pillet, P.},
	Journal = {Phys. Rev. Lett.},
	Pages = {253--256},
	Title = {Many-Body Effects in a Frozen {R}ydberg Gas},
	Volume = {80},
	Year = {1998}
}

@article{Anderson1998,
	Author = {Anderson, W. R. and Veale, J. R. and Gallagher, T. F.},
	Journal = {Phys. Rev. Lett.},
	Pages = {249},
	Title = {Resonant Dipole-Dipole Energy Transfer in a Nearly Frozen {R}ydberg Gas},
	Volume = {80},
	Year = {1998}
}

@article{Gallagher2003,
author = {T. F. Gallagher and P. Pillet and M. P. Robinson and B. Laburthe-Tolra and Michael W. Noel},
journal = {J. Opt. Soc. Am. B},
keywords = {Effects of collisions; {R}ydberg states; Laser trapping},
pages = {1091},
publisher = {OSA},
title = {Back and forth between {R}ydberg atoms and ultracold plasmas},
volume = {20},
year = {2003}
}

% there is a Li2003 regarding optical coupling to quantum dots
@Article{Li2003Rydberg,
  title = {Millimeter-wave spectroscopy of cold {R}b {R}ydberg atoms in a magneto-optical trap: Quantum defects of the ns, np, and nd series},
  author = {Li, W.  and Mourachko, I.  and Noel, M. W. and Gallagher, T. F.},
  journal = {Phys. Rev. A},
  volume = {67},
  pages = {052502},
  year = {2003}
}


@Article{Mourachko2004,
  title = {Controlled many-body interactions in a frozen {R}ydberg gas},
  author = {Mourachko, I.  and Li, Wenhui  and Gallagher, T. F.},
  journal = {Phys. Rev. A},
  volume = {70},
  pages = {031401},
  year = {2004}
}


@article{Li2005,
author = {Wenhui Li and Paul J. Tanner and T. F. Gallagher},
collaboration = {},
title = {Dipole-Dipole Excitation and Ionization in an Ultracold Gas of {R}ydberg Atoms},
publisher = {APS},
year = {2005},
journal = {Phys. Rev. Lett.},
volume = {94},
pages = {173001}
}

@article{Li2006,
	Author = {Li, W. and Tanner, P. J. and Jamil, Y. and Gallagher, T. F.},
	Journal = {Eur. Phys. J. D},
	Pages = {27 - 35},
	Title = {Ionization and plasma formation in high n cold {R}ydberg samples.},
	Volume = {40},
	Year = {2006}
}


@article{Tanner2008,
author = {Paul J. Tanner and Jianing Han and E. S. Shuman and T. F. Gallagher},
collaboration = {},
title = {Many-Body Ionization in a Frozen {R}ydberg Gas},
publisher = {APS},
year = {2008},
journal = {Phys. Rev. Lett.},
volume = {100},
pages = {043002}
}

@article{Gallagher2008,
author = {T. F. Gallagher and P. Pillet},
collaboration = {},
title = {Dipole-Dipole interactions of {R}ydberg atoms},
year = {2008},
journal = {Adv. At. Mol.  Opt. Phys.},
volume = {56},
pages = {161}
}



@Article{Han2009,
  title = {Millimeter-wave rubidium {R}ydberg van der {W}aals spectroscopy},
  author = {Han, Jianing  and Gallagher, T. F.},
  journal = {Phys. Rev. A},
  volume = {79},
  pages = {053409},
  year = {2009}
}





@article{Minns2006,
author = {R. S. Minns and M. R. Kutteruf and H. Zaidi and L. Ko and R. R. Jones},
collaboration = {},
title = {Preserving Coherence in {R}ydberg Quantum Bits},
year = {2006},
journal = {Phys. Rev. Lett.},
volume = {97},
eid = {040504},
pages = {040504}
}




%%%%%%%%%%%%%%%%%%%%%%%%%%%%%%%%%%
% Grangier
%%%%%%%%%%%%%%%%%%%%%%%%%%%%%%%%%%

@Article{Schlosser2001,
  title = {Sub-{P}oissonian loading of single atoms in a microscopic dipole trap},
  author = {Schlosser, N. and Reymond, G. and Protsenko, I. and Grangier, P.  },
  journal = {Nature (London)},
  volume = {411},
  pages = {1024},
  year = {2001}
}

@Article{Schlosser2002,
  title = {Collisional Blockade in Microscopic Optical Dipole Traps},
  author = {Schlosser, N. and Reymond, G.  and Grangier, P.  },
  journal = {Phys. Rev. Lett.},
  volume = {89},
  pages = {023005},
  year = {2002}
}


@Article{Protsenko2002,
  title = {Operation of a quantum phase gate using neutral atoms in microscopic dipole traps},
  author = {Protsenko, I. E. and Reymond, G.  and Schlosser, N.  and Grangier, P. },
  journal = {Phys. Rev. A},
  volume = {65},
  pages = {052301},
  year = {2002}
}

@Article{Protsenko2002b,
  title = {Conditional quantum logic using two atomic qubits},
  author = {Protsenko, I. E. and Reymond, G.  and Schlosser, N.  and Grangier, P. },
  journal = {Phys. Rev. A},
  volume = {66},
  pages = {062306},
  year = {2002}
}


@Article{Jones2007,
  title = {Fast quantum state control of a single trapped neutral atom},
  author = {Jones, M. P. A. and Beugnon, J.  and Ga\"etan, A.  and Zhang, J.  and Messin, G.  and Browaeys, A.  and Grangier, P. },
  journal = {Phys. Rev. A},
  volume = {75},
  pages = {040301(R)},
  year = {2007}
}


@article{Tuchendler2008,
  volume = {78},
  journal = {Phys. Rev. A},
  author = {Tuchendler, C. and Lance, A. M. and Browaeys, A. and Sortais, Y. R. P. and Grangier, P.},
  year = {2008},
  title = {Energy distribution and cooling of a single atom in an optical tweezer},
  pages = {033425}
}



@article{Gaetan2009,
author = {A. Ga\"etan and Y. Miroshnychenko and  T.  Wilk and A. Chotia and M. Viteau and D. Comparat and  P. Pillet and A. Browaeys and P. Grangier},
title = {Observation of collective excitation of two individual atoms in the {R}ydberg blockade regime},
year = {2009},
journal = {Nature Phys.},
volume = {5},
pages = {115--118}
}

@article{Wilk2010,
author = {T.  Wilk and  A. Ga\"etan and C. Evellin and J. Wolters and Y. Miroshnychenko and P. Grangier and  A. Browaeys
},
title = {Entanglement of two individual neutral atoms using {R}ydberg blockade},
journal = {Phys. Rev. Lett.},
year = {2010},
volume={104},
pages={010502}
}

@article{Gaetan2010,
author = {A. Ga\"etan and C. Evellin and J. Wolters and  P. Grangier and T. Wilk and A. Browaeys},
title = {Analysis of the entanglement between two individual atoms using
global Raman rotations},
year = {2010},
journal = {New J. Phys.},
volume = {12},
pages = {065040}
}


@article{Miroshnychenko2010,
  journal = {Phys. Rev. A},
 author = {Miroshnychenko, Y. and Ga\"etan, A. and Evellin, C. and Grangier, P. and Comparat, D. and Pillet, P. and Wilk, T. and Browaeys, A.},
  title = {Coherent excitation of a single atom to a {R}ydberg state},
  year = {2010},
  pages = {013405},
  volume = {82}
}

@article{Parigi2012,
  title = {Observation and Measurement of Interaction-Induced Dispersive Optical Nonlinearities in an Ensemble of Cold {R}ydberg Atoms},
  author = {Parigi, Valentina and Bimbard, Erwan and Stanojevic, Jovica and Hilliard, Andrew J. and Nogrette, Florence and Tualle-Brouri, Rosa and Ourjoumtsev, Alexei and Grangier, Philippe},
  journal = {Phys. Rev. Lett.},
  volume = {109},
  pages = {233602},
  year = {2012}}

@article{Beguin2013,
  title = {Direct Measurement of the van der {W}aals Interaction between Two {R}ydberg Atoms},
  author = {B\'eguin, L. and Vernier, A. and Chicireanu, R. and Lahaye, T. and Browaeys, A.},
  journal = {Phys. Rev. Lett.},
  volume = {110},
  pages = {263201},
  year = {2013}}

@article{Labuhn2014,
  title = {Single-atom addressing in microtraps for quantum-state engineering using {R}ydberg atoms},
  author = {Labuhn, H. and Ravets, S. and Barredo, D. and B\'eguin, L. and Nogrette, F. and Lahaye, T. and Browaeys, A.},
  journal = {Phys. Rev. A},
  volume = {90},
  pages = {023415},
  year = {2014}}

@article{Ravets2014,
  title = {Coherent dipole dipole coupling between two single {R}ydberg atoms at an electrically-tuned {F}\"orster resonance},
  author = {Ravets, S. and Labuhn, H. and Barredo, D. and B\'eguin, L. and and Lahaye, T. and Browaeys, A.},
  journal = {Nat. Phys.},
  volume = {10},
  pages = {914},
  year = {2014}}


@article{Barredo2015,
  title = {Coherent Excitation Transfer in a Spin Chain of Three {R}ydberg Atoms},
  author = {Barredo, D. and Labuhn, H. and Ravets, S. and Lahaye, T. and Browaeys, A. and Adams, C. S.},
  journal = {Phys. Rev. Lett.},
  volume = {114},
  pages = {113002},
  year = {2015}}

@article{Browaeys2016,
  title = {Experimental investigations of dipole-dipole
interactions between a few {R}ydberg atoms},
  author = {A. Browaeys and D. Barredo and T. Lahaye},
  journal = {J. Phys. B: At. Mol. Opt. Phys.},
  volume = {49},
  pages = {152001},
  year = {2016}}

@article{Labuhn2016,
  title = {Tunable two-dimensional arrays of single {R}ydberg atoms for realizing quantum {I}sing models},
  author = {H. Labuhn and D. Barredo and S. Ravets and S. de L\'es\'eleuc and T. Macr\`i and T. Lahay and A. Browaeys},
  journal = {Nature},
  volume = {534},
  pages = {667},
  year = {2016}}


 
@article{deLeseleuc2018,
  title = {Analysis of imperfections in the coherent optical excitation of single atoms to {R}ydberg states},
  author = {S. de L\'es\'eleuc and  D. Barredo and V. Lienhard and  A. Browaeys and  T. Lahaye},
  journal = {Phys. Rev. A},
  volume = {97}, 
  pages = {053803}, 
  year = {2018}
}

@article{Lienhard2018,
  title = {Observing the Space- and Time-Dependent Growth of Correlations in Dynamically Tuned Synthetic {I}sing Models with Antiferromagnetic Interactions},
  author = {Lienhard, V. and de L\'es\'eleuc, S. and Barredo, D. and Lahaye, T. and Browaeys, A. and Schuler, M. 
and Henry, L.-P. and L\"auchli, A. M.},
  journal = {Phys. Rev. X},
  volume = {8},
  pages = {021070},
  year = {2018}
}


%%%%%%%%%%%%%%%%%%%%%%%%%%%%%%%%%
% Haroche
%%%%%%%%%%%%%%%%%%%%%%%%%%%%%%%%%

@article{Raimond1981,
  author={J M Raimond and G Vitrant and S Haroche},
  title={Spectral line broadening due to the interaction between very excited atoms: 'the dense {R}ydberg gas'},
  journal={J. Phys. B: At. Mol. Opt. Phys.},
  volume={14},
  pages={L655-L660},
  year={1981}
}

@article{Gross1982,
author={M. Gross and S. Haroche},
title={Superradiance: An essay on the theory of collective spontaneous emission},
journal={Physics Reports},
volume={93},
pages={301-396},
year={1982}
}


@incollection{Fabre1983,
author = {C. Fabre and S. Haroche},
booktitle = {{R}ydberg states of atoms and molecules},
editor={R. F. Stebbings and F. B. Dunning},
title = {Spectroscopy of one- and two-electron {R}ydberg atoms},
chapter={4},
pages =	 {117},
address = {Cambridge},
publisher= {Cambridge University Press},
year={1983}
}


@article{Nussenzweig1991,
author = {A. Nussenzweig and J.  Hare and  A. M. Steinberg and  L. Moi and 
M. Gross and S. Haroche},
title = {A Continuous Beam of Circular {R}ydberg Atoms
for Fundamental Tests and Applications in Metrology},
year = {1991},
journal = {Europhys. Lett.},
volume = {14},
pages = {755}
}

@article{Nussenzweig1993,
author = {P. Nussenzveig and F. Bernardot and  M. Brune and  J. Hare and  J. M. Raimond and  S. Haroche and W. Gawlik},
title = {Preparation of high-principal-quantum-number "circular" states of rubidium},
year = {1993},
journal = {Phys. Rev. A},
volume = {48},
pages = {3991}
}

@article{Hagley1997,
author = {Hagley, E. and  Ma\^itre,  X. and Nogues,  G. and  Wunderlich,  C. and  Brune,  M. and  Raimond,  J. M. 
and Haroche, S. 
},
title = {Generation of Einstein-Podolsky-Rosen pairs of atoms},
year = {1997},
journal = {Phys. Rev. Lett.},
volume = {79},
pages = {1}
}




@article{Rauschenbeutel1999,
author = {A. Rauschenbeutel and  G. Nogues and S. Osnaghi and P. Bertet and
M. Brune and J. M. Raimond and S. Haroche},
title = {Coherent Operation of a Tunable Quantum Phase Gate in Cavity {QED}},
year = {1999},
journal = {Phys. Rev. Lett.},
volume = {83},
pages = {5166}
}



@Article{Raimond2001,
  title = {Manipulating quantum entanglement with atoms and photons in a cavity},
  author = {Raimond, J. M. and Brune, M.  and Haroche, S. },
  journal = {Rev. Mod. Phys.},
  volume = {73},
  pages = {565--582},
  numpages = {17},
  year = {2001}
}

@Article{Hyafil2004,
  title = {Coherence-Preserving Trap Architecture for Long-Term Control of Giant {R}ydberg Atoms},
  author = {Hyafil, P.  and Mozley, J.  and Perrin, A.  and Tailleur, J.  and Nogues, G.  and Brune, M.  and Raimond, J. M. and Haroche, S. },
  journal = {Phys. Rev. Lett.},
  volume = {93},
  number = {10},
  pages = {103001},
  year = {2004}
}

@article{Mozley2005,
author={J. Mozley and P. Hyafil and G. Nogues and M. Brune and J.-M. Raimond and S. Haroche},
title={Trapping and coherent manipulation of a {R}ydberg atom on a microfabricated device: a proposal},
journal={Eur. Phys. J. D},
volume={35},
pages={43-57},
year={2005}
}


@article{Guerlin2007,
author={Christine Guerlin and Julien Bernu and Samuel Del\'eglise and  Cl\'ement Sayrin and S\'ebastien Gleyzes and  Stefan Kuhr and  Michel Brune and Jean-Michel Raimond and Serge Haroche},
title={Progressive field-state collapse and quantum non-demolition photon counting},
journal={Nature (London)},
volume={448},
pages={889},
year={2007}
}




@Article{Bernu2008,
  title = {Freezing Coherent Field Growth in a Cavity by the Quantum {Z}eno Effect},
  author = {Bernu, J.  and Del\'eglise, S.  and Sayrin, C.  and Kuhr, S.  and Dotsenko, I.  and Brune, M.  and Raimond, J. M. and Haroche, S. },
  journal = {Phys. Rev. Lett.},
  volume = {101},
  pages = {180402},
  year = {2008}
}

@article{Emmert2009,
author={A. Emmert and  A. Lupa\c{s}cu and G. Nogues and M. Brune and J.-M. Raimond and S. Haroche},
title={Measurement of the trapping lifetime close to a cold metallic
surface on a cryogenic atom-chip},
journal={Eur. Phys. J. D},
volume={51},
pages={173},
year={2009}
}

@article{Hermann-Avigliano2014,
  title = {Long coherence times for {R}ydberg qubits on a superconducting atom chip},
  author = {Hermann-Avigliano, C. and Teixeira, R. C. and Nguyen, T. L. and Cantat-Moltrecht, T. and Nogues, G. and Dotsenko, I. and Gleyzes, S. and Raimond, J. M. and Haroche, S. and Brune, M.},
  journal = {Phys. Rev. A},
  volume = {90},
  pages = {040502},
  year = {2014}}

%%%%%%%%%%%%%%%%%%%%%%%%%%%
% Kuzmich
%%%%%%%%%%%%%%%%%%%%%%%%%%%

@article{Dudin2012,
author = {Y. O. Dudin and Kuzmich, A.}, 
title = {Strongly Interacting {R}ydberg Excitations of a Cold Atomic Gas},
volume = {336},  
pages = {887-889}, 
year = {2012}, 
journal = {Science} 
}

@article{Dudin2012b,
author = {Y. O. Dudin and L. Li and F. Bariani and A. Kuzmich}, 
title = {Observation of coherent many-body {R}abi oscillations},
volume = {8},  
pages = {790}, 
year = {2012}, 
journal = {Nat. Phys.} 
}

@article{Dudin2012c,
  title = {Emergence of Spatial Spin-Wave Correlations in a Cold Atomic Gas},
  author = {Y. O. Dudin and Bariani, F. and Kuzmich, A.},
  journal = {Phys. Rev. Lett.},
  volume = {109},
  pages = {133602},
  year = {2012}
}


@article{Bariani2012b,
  title = {Dephasing of Multiparticle {R}ydberg Excitations for Fast Entanglement Generation},
  author = {F. Bariani and Dudin, Y. O. and Kennedy, T. A. B. and Kuzmich, A.},
  journal = {Phys. Rev. Lett.},
  volume = {108},
  pages = {030501},
  year = {2012}
}



@article{LiDudin2013,
author = {L. Li and Y. O. Dudin and A. Kuzmich}, 
title = {Entanglement between light and an optical atomic
excitation},
volume = {498},  
pages = {466}, 
year = {2013}, 
journal = {Nature} 
}


@article{Dudin2013b,
  title = {Light storage on the time scale of a minute},
  author = {Y. O. Dudin and Li, L. and Kuzmich, A.},
  journal = {Phys. Rev. A},
  volume = {87},
  pages = {031801},
  year = {2013}
}

@article{LLi2016,
  title = {Quantum memory with strong and controllable {R}ydberg-level interactions ,},
  author = {L. Li and Kuzmich, A.},
  journal = {Nat. Commun.},
  volume = {7},
  pages = {13618},
  year = {2016}
}




%%%%%%%%%%%%%%%%%%%%%%%%%%%%%%%%%%
% Lesanovsky
%%%%%%%%%%%%%%%%%%%%%%%%%%%%%%%%%%

@article{Olmos2009a,
author = {B. Olmos and R. Gonz\'{a}lez-F\'{e}rez and I. Lesanovsky},
title = {Collective {R}ydberg excitations of an atomic gas confined in a ring lattice},
year = {2009},
journal = {Phys. Rev. A},
volume = {79},
pages = {043419}
}

@Article{Olmos2009b,
  title = {Fermionic Collective Excitations in a Lattice Gas of {R}ydberg Atoms},
  author = {Olmos, B.  and Gonz\'alez-F\'erez, R.  and Lesanovsky, I. },
  journal = {Phys. Rev. Lett.},
  volume = {103},
  pages = {185302},
  year = {2009}
}

@article{Olmos2010,
	Author = {B. Olmos and M. M\"uller and I. Lesanovsky},
	Journal = {New J. Phys.},
	Title = {Thermalization of a strongly interacting 1D {R}ydberg
	lattice gas},
	volume={12},
	pages={013024},
	Year = {2010}
}

@article{Olmos2010b,
	Author = {B. Olmos and R. Gonz\'alez-F\'erez and I. Lesanovsky},
	Journal = {Phys. Rev. A},
	Title = {Creating collective many-body states with highly excited atoms},
	volume={81},
	pages={023604},
	Year = {2010}
}

@article{Weimer2011,
  title = {Digital quantum simulation with {R}ydberg atoms},
  author = {H. Weimer and M. M\"uller and H. P. B\"uchler and I. Lesanovsky},
  journal = {Qu. Inf. Proc.},
  volume = {10},
  pages = {885},
  year = {2011}
}

@article{Lesanovsky2012,
  title = {Interacting {F}ibonacci anyons in a {R}ydberg gas},
  author = {Lesanovsky, I. and Katsura, H.},
  journal = {Phys. Rev. A},
  volume = {86},
  pages = {041601},
  year = {2012}
}

@article{WLi2013b,
  title = {Nonadiabatic Motional Effects and Dissipative Blockade for {R}ydberg Atoms Excited from Optical Lattices or Microtraps},
  author = {Li, W. and Ates, C. and Lesanovsky, I.},
  journal = {Phys. Rev. Lett.},
  volume = {110},
  pages = {213005},
  year = {2013}
}




%%%%%%%%%%%%%%%%%%%%%%%%%%%%%%%%%%
% Linden van den Heuvell
%%%%%%%%%%%%%%%%%%%%%%%%%%%%%%%%%%

@article{vanDitzhuijzen2008,
author = {C. S. E. van Ditzhuijzen and A. F. Koenderink and J. V. Hern\'{a}ndez and F. Robicheaux and L. D. Noordam and H. B. van Linden van den Heuvell},
title = {Spatially Resolved Observation of Dipole-Dipole Interaction between {R}ydberg Atoms},
year = {2008},
journal = {Phys. Rev. Lett.},
volume = {100},
pages = {243201}
}

@article{Tauschinsky2008,
author = {Atreju Tauschinsky and  C. S. E. van Ditzhuijzen and  L. D. Noordam and H. B. van Linden van den Heuvell},
title = {Radio-frequency-driven dipole-dipole interactions in spatially separated volumes},
year = {2008},
journal = {Phys. Rev. A},
volume = {78},
pages = {063409}
}


@article{vanDitzhuijzen2009,
Author = {C. S. E. van Ditzhuijzen and Atreju Tauschinsky and H.~B.~van Linden van den Heuvell},
Journal = {Phys. Rev. A},
Title = {Observation of {S}t\"uckelberg oscillations in dipole-dipole interactions},
Year = {2009},
volume={80},
pages={063407}
}

@article{Tauschinsky2010,
  author = {Tauschinsky, A. and Thijssen, R. M. T. and Whitlock, S. and van Linden van den Heuvell, H. B. and Spreeuw, R. J. C.},
  title = {Spatially resolved excitation of {R}ydberg atoms and surface effects on an atom chip},
  year = {2010},
  pages = {063411},
  journal = {Phys. Rev. A},
  volume = {81}
}

@article{Tauschinsky2013,
  title = {Measurement of ${}^{87}${Rb} {R}ydberg-state hyperfine splitting in a room-temperature vapor cell},
  author = {Tauschinsky, A. and Newell, R. and van Linden van den Heuvell, H. B. and Spreeuw, R. J. C.},
  journal = {Phys. Rev. A},
  volume = {87}, 
  pages = {042522}, 
  year = {2013}
}



@article{Naber2015b,
  author = {J.B. Naber and  J. Vos and  R.J. Rengelink and R.J. Nusselder and D. Davtyan},
  title = {Optical techniques for {R}ydberg physics in
lattice geometries. A technical guide.},
  year = {2015},
  pages = {},
  journal = {arXiv:1512.06241},
  volume = {}
}



%%%%%%%%%%%%%%%%%%%%%%%%%%%%%%%%%
% Lukin 
%%%%%%%%%%%%%%%%%%%%%%%%%%%%%%%%%


@Article{Lukin2000,
  title = {Quantum Entanglement via Optical Control of Atom-Atom Interactions},
  author = {Lukin, M. D. and Hemmer, P. R.},
  journal = {Phys. Rev. Lett.},
  volume = {84},
  pages = {2818--2821},
  year = {2000}
}



@Article{Sorensen2004,
  title = {Capacitive Coupling of Atomic Systems to Mesoscopic Conductors},
  author = {S\o{}rensen, A. S. and van der Wal, C. H. and Childress, L. I. and Lukin, M. D.},
  journal = {Phys. Rev. Lett.},
  volume = {92},
  pages = {063601},
  year = {2004}
}

@Article{Jiang2007,
author = { Jiang, L.  and  Taylor, J. M.  and  S\o{}rensen, A. S.  and  Lukin, M. D.},
title = {Distributed quantum computation based on small quantum registers},
year = {2007},
journal = {Phys. Rev. A},
volume = {76},
pages = {062323}
}


@article{Gorshkov2008,
author = {Alexey V. Gorshkov and Tommaso Calarco and Mikhail D. Lukin and Anders S. S\o{}rensen},
title = {Photon storage in Lambda-type optically dense atomic media. IV. Optimal control using gradient ascent},
year = {2008},
journal = {Phys. Rev. A},
volume = {77},
pages = {043806}
}

@article{Pohl2010,
author = {T. Pohl and E. Demler and M. D. Lukin},
title = {Dynamical Crystallization in the Dipole Blockade of Ultracold Atoms},
year = {2010},
journal = {Phys. Rev. Lett,},
volume = {104},
pages = {043002}
}

@article{Peyronel2012,
author = {T. Peyronel and O. Firstenberg and  Q.-Y. Liang and  S. Hofferberth and  A. V. Gorshkov and  T. Pohl and  M. D. Lukin and V. Vuleti\'c},
title = {Quantum nonlinear optics with single photons enabled by strongly interacting atoms},
year = {2012},
journal = {Nature},
volume = {488},
pages = {57}
}

@article{Firstenberg2013,
author = {O. Firstenberg and T. Peyronel and  Q.-Y. Liang and  A. V. Gorshkov and  M. D. Lukin and V. Vuleti\'c},
title = {Attractive photons in a quantum nonlinear medium},
year = {2013},
journal = {Nature},
volume = {502},
pages = {71}
}

@article{Derevianko2015,
author = {A. Derevianko and P. K\'om\'ar and T. Topcu and  R. M. Kroeze and M. D. Lukin},
title = {Effects of molecular resonances on {R}ydberg blockade},
journal={Phys. Rev. A},
volume={92},
pages={063419},
year = {2015}, 
}

@article{Bernien2017,
author = {H. Bernien and S. Schwartz and  
A.  Keesling and H.  Levine and A.  Omran and H. Pichler
and S.  Choi and A.  S. Zibrov and M.  Endres and M.  Greiner and V.  Vuleti\'c and M. D. Lukin},
title = {Probing many-body dynamics on a 51-atom quantum simulator},
journal={Nature},
volume={551},
pages={579},
year = {2017}, 
}

@article{Levine2018,
author = {H. Levine and A. Keesling and A. Omran  and H.  Bernien and S. Schwartz and 
A. S. Zibrov and M.  Endres and M.  Greiner and V.  Vuleti\'c and M. D. Lukin},
title = {High-fidelity control and entanglement of {R}ydberg-atom qubits},
journal={Phys. Rev. Lett.},
volume={121},
pages={123603},
year = {2018}, 
}

@article{Levine2019,
author = {H. Levine and A. Keesling and  G. Semeghini and  A. Omran and  T. T. Wang and  S. Ebadi and  H. Bernien and  
M. Greiner and  V.  Vuleti\'c and  H. Pichler and M. D. Lukin},
title = {Parallel implementation of high-fidelity multiqubit gates with neutral atoms
},
journal={Phys. Rev. Lett.},
volume={123},
pages={170503},
year = {2019}, 
}


%%%%%%%%%%%%%%%%%%%%%%%%%%%%%%%%%%
% Martin
%%%%%%%%%%%%%%%%%%%%%%%%%%%%%%%%%%


@Article{Afrousheh2004,
  title = {Spectroscopic Observation of Resonant Electric Dipole-Dipole Interactions between Cold {R}ydberg Atoms},
  author = {Afrousheh, K.  and Bohlouli-Zanjani, P.  and Vagale, D.  and Mugford, A.  and Fedorov, M.  and Martin, J. D. D.},
  journal = {Phys. Rev. Lett.},
  volume = {93},
  pages = {233001},
  year = {2004}
}

@article{Bohlouli-Zanjani2006,
author = {P. Bohlouli-Zanjani and K. Afrousheh and J. D. D. Martin},
title = {Optical transfer cavity stabilization using current-modulated injection-locked diode lasers},
year = {2006},
journal = {Rev. Sci. Instr.},
volume = {77},
pages = {093105}
}



@article{Afrousheh2006,
author = {K. Afrousheh and P. Bohlouli-Zanjani and J. D. Carter and A. Mugford and J. D. D. Martin},
collaboration = {},
title = {Resonant electric dipole-dipole interactions between cold {R}ydberg atoms in a magnetic field},
publisher = {APS},
year = {2006},
journal = {Phys. Rev. A},
volume = {73},
pages = {063403},
keywords = {{R}ubidium; laser cooling; two-photon processes; {R}ydberg states; atom-photon collisions; spectral line broadening},
doi = {10.1103/PhysRevA.73.063403}
}

@article{Bohlouli-Zanjani2007,
author = {P. Bohlouli-Zanjani and J. A. Petrus and J. D. D. Martin},
collaboration = {},
title = {Enhancement of {R}ydberg Atom Interactions Using ac Stark Shifts},
year = {2007},
journal = {Phys. Rev. Lett.},
volume = {98},
pages = {203005}
}


@article{Petrus2008,
	Abstract = {An oscillating electric field at 1.356 GHz was used to promote the resonant energy transfer process: 43d5/2 + 43d5/2 - 45p3/2 + 41f between translationally cold 85Rb {R}ydberg atoms. The ac Stark shifts due to this dressing field created degeneracies between the initial and final two-atom states of this process. The ac field strength was scanned to collect spectra which are analogous to dc electric-field-induced resonant energy transfer spectra. Different resonances were observed for different magnetic sublevels involved in the process. Compared to earlier work performed at higher frequencies, the choice of dressing frequency and structure of the spectra may be intuitively understood, by analogy with the dc field case.},
	Author = {J. A. Petrus and P. Bohlouli-Zanjani and J. D. D. Martin},
	Journal = {J. Phys. B: At. Mol. Opt. Phys.},
	Pages = {245001},
	Title = {ac electric-field-induced resonant energy transfer between cold {R}ydberg atoms},
	Volume = {41},
	Year = {2008}
}



@article{Carter2011,
  author = {Carter, J. D. and Martin, J. D. D.},
  title = {Energy shifts of {R}ydberg atoms due to patch fields near metal surfaces},
  year = {2011},
  pages = {032902},
  journal = {Phys. Rev. A},
  volume = {83}
}

@article{Jones2013,
  title = {{R}ydberg atoms with a reduced sensitivity to dc and low-frequency electric fields},
  author = {Jones, L. A. and Carter, J. D. and Martin, J. D. D.},
  journal = {Phys. Rev. A},
  volume = {87},
  pages = {023423},
  year = {2013}}

@article{Carter2013,
  title = {Coherent manipulation of cold {R}ydberg atoms near the surface of an atom chip},
  author = {Carter, J. D. and Martin, J. D. D.},
  journal = {Phys. Rev. A},
  volume = {88},
  pages = {043429},
  year = {2013}}



@article{Ni2015,
  title = {{R}eduction of the dc-electric-field sensitivity of circular {R}ydberg states using nonresonant dressing fields},
  author = {Ni, Y. and Xu, P. and Martin, J. D. D.},
  journal = {Phys. Rev. A},
  volume = {92},
  pages = {063418},  year = {2015}}
}


%%%%%%%%%%%%%%%%%%%%%%%%%%%%%
% Merkt
%%%%%%%%%%%%%%%%%%%%%%%%%%%%%

@article{Thiele2015,
  title = {Imaging electric fields in the vicinity of cryogenic surfaces using {R}ydberg atoms},
  author = {Thiele, T. and Deiglmayr, J. and Stammeier, M. and Agner, J.-A. and Schmutz, H. and Merkt, F. and Wallraff, A.},
  journal = {Phys. Rev. A},
  volume = {92},
  pages = {063425},  year = {2015}}


%%%%%%%%%%%%%%%%%%%%%%%%%%%%%%%%%%
% Pfau
%%%%%%%%%%%%%%%%%%%%%%%%%%%%%%%%%%

@article{Heidemann2007,
author = {Rolf Heidemann and Ulrich Raitzsch and Vera Bendkowsky and Bj\"{o}rn Butscher and Robert L\"{o}w and Luis Santos and Tilman Pfau},
title = {Evidence for Coherent Collective {R}ydberg Excitation in the Strong Blockade Regime},
year = {2007},
journal = {Phys. Rev. Lett.},
volume = {99},
pages = {163601}
}

@article{Raitzsch2008,
author = {Ulrich Raitzsch and Vera Bendkowsky and Rolf Heidemann and Bj\"{o}rn Butscher and Robert L\"{o}w and Tilman Pfau},
title = {Echo Experiments in a Strongly Interacting {R}ydberg Gas},
year = {2008},
journal = {Phys. Rev. Lett.},
volume = {100},
pages = {013002}
}

@article{Grabowski2006,
author={ A. Grabowski and R. Heidemann and R. L\"ow and J. Stuhler and T. Pfau},
title={High resolution {R}ydberg spectroscopy of ultracold {R}ubidium atoms},
journal={Fortschritte der Physik},
volume={54},
pages={765},
year={2006}
}

@article{Heidemann2008,
author = {Rolf Heidemann and Ulrich Raitzsch and Vera Bendkowsky and Bj\"{o}rn Butscher and Robert L\"{o}w and Tilman Pfau},
collaboration = {},
title = {{R}ydberg Excitation of {B}ose-{E}instein Condensates},
year = {2008},
journal = {Phys. Rev. Lett.},
volume = {100},
pages = {033601}
}

@article{Weimer2008,
author = {H. Weimer and R. L\"{o}w and T. Pfau and H. P. B\"{u}chler},
collaboration = {},
title = {Quantum Critical Behavior in Strongly Interacting {R}ydberg Gases},
year = {2008},
journal = {Phys. Rev. Lett.},
volume = {101},
pages = {250601}
}


@article{Raitzsch2009,
  author={U. Raitzsch and R. Heidemann and H. Weimer and B. Butscher and P. Kollmann and R. L\"ow
          and H. P. B\"uchler and T. Pfau},
  title={Investigation of dephasing rates in an interacting {R}ydberg gas},
  journal={New J. Phys.},
  volume={11},
  pages={055014},
  year={2009}
}

@article{Bendkowsky2009,
  author={Vera Bendkowsky and  Bj\"orn Butscher and  Johannes Nipper and  James P. Shaffer and  Robert L\"ow and  Tilman Pfau},
  title={Observation of ultralong-range {R}ydberg molecules},
  journal={Nature},
  volume={458},
  pages={1005},
  year={2009}
}


@article{Low2009,
Author = {R. L\"ow and H. Weimer and U. Raitzsch and R. Heidemann and V. Bendkowsky and B. Butscher
       and H. P. B\"uchler and T. Pfau},
	Journal = {Phys. Rev. A},
volume={80},
	Title = {Universal scaling in a strongly interacting {R}ydberg gas},
	Year = {2009},
pages={033422}
}

@article{Kubler2010,
Author = {H. K\"ubler and J. P. Shaffer and T. Baluktsian and R. L\"ow and T. Pfau},
	Journal = {Nature Phot.},
	Title = {Coherent excitation of {R}ydberg atoms in micrometre-sized atomic vapour cells},
	volume={4},
	pages={112},
	Year = {2010}
}

@article{Huber2011,
  author = {Huber, B. and Baluktsian, T. and Schlagm\"uller, M. and K\"olle, A. and K\"ubler, H. and L\"ow, R. and Pfau, T.},
  volume = {107},
  journal = {Phys. Rev. Lett.},
  title = {GHz {R}abi Flopping to {R}ydberg States in Hot Atomic Vapor Cells},
  year = {2011},
  pages = {243001}
}


  	
@article{Low2012,
  author={R. L\"ow and H. Weimer and J. Nipper and J. B. Balewski and B. Butscher and H. P.
B\"uchler and T. Pfau},
  title={An experimental and theoretical guide to strongly interacting {R}ydberg gases},
  journal={J. Phys. B: At. Mol. Opt. Phys.},
  volume={45},
  pages={113001},
  year={2012}
}
	

@article{Muller2013,
  title = {Room-temperature {R}ydberg single-photon source},
  author = {M\"uller, M. M. and K\"olle, A. and L\"ow, R. and Pfau, T. and Calarco, T. and Montangero, S.},
  journal = {Phys. Rev. A},
  volume = {87},
  issue = {5},
  pages = {053412},
  numpages = {5},
  year = {2013}
}

%%%%%%%%%%%%%%%%%%%%%%%%%%%%%%%%%%
% Pillet
%%%%%%%%%%%%%%%%%%%%%%%%%%%%%%%%%%

@article{Mudrich2005,
author = {Marcel Mudrich and Nassim Zahzam and Thibault Vogt and Daniel Comparat and Pierre Pillet},
collaboration = {},
title = {Back and Forth Transfer and Coherent Coupling in a Cold {R}ydberg Dipole Gas},
publisher = {APS},
year = {2005},
journal = {Phys. Rev. Lett.},
volume = {95},
pages = {233002}
}

@article{Brion2005,
author = {E. Brion and V. M. Akulin and D. Comparat and I. Dumer and G. Harel and N. K\'ebaili and  G. Kurizki and
 I. Mazets and P. Pillet},
title = {Coherence protection by the quantum Zeno effect and nonholonomic control in a {R}ydberg {R}ubidium isotope},
year = {2005},
journal = {Phys. Rev. A},
volume = {71},
pages = {052311}
}

@article{Vogt2006,
author = {Thibault Vogt and Matthieu Viteau and Jianming Zhao and Amodsen Chotia and Daniel Comparat and Pierre Pillet},
title = {Dipole Blockade at F\"orster Resonances in High Resolution Laser Excitation of {R}ydberg States of Cesium Atoms},
publisher = {APS},
year = {2006},
journal = {Phys. Rev. Lett.},
volume = {97},
pages = {083003}
}




@article{Vogt2007,
author = {Thibault Vogt and Matthieu Viteau and Amodsen Chotia and Jianming Zhao and Daniel Comparat and Pierre Pillet},
collaboration = {},
title = {Electric-Field Induced Dipole Blockade with {R}ydberg Atoms},
year = {2007},
journal = {Phys. Rev. Lett.},
volume = {99},
pages = {073002}
}

@article{Chotia2008,
  author={Amodsen Chotia and Matthieu Viteau and Thibault Vogt and Daniel Comparat and Pierre Pillet},
  title={Kinetic Monte Carlo modeling of dipole blockade in {R}ydberg excitation experiment},
  journal={New Journal of Physics},
  volume={10},
  pages={045031},
  year={2008}
}


@article{Mandilara2009,
  author={A. Mandilara and V. M. Akulin and P. Pillet},
  title={Population Dynamics in Cold Gases Resulting from the Long-Range Dipole-Dipole Interaction},
  journal={J. Phys. B: At. Mol. Opt. Phys.},
volume={42},
pages={215301},
  year={2009}
}

@article{Comparat2010,
  author={D. Comparat and  P. Pillet},
  title={Dipole blockade in a cold {R}ydberg atomic sample},
  journal={J. Opt. Soc. Am. B},
volume={27},
pages={A208},
  year={2010}
}

%%%%%%%%%%%%%%%%%%%%%%%%%%%%%%%%%%%%%%%%%%%%%%%%%%%
% Polzik
%%%%%%%%%%%%%%%%%%%%%%%%%%%%%%%%%%%%%%%%%%%%%%%%%


@ARTICLE{Julsgaard2004,
  AUTHOR =       {B. Julsgaard and J. Sherson and J. I. Cirac and J. Fiur\'{a}\v{s}ek and E. S. Polzik},
  TITLE =        {Experimental demonstration of quantum memory for light},
  JOURNAL =      {Nature (London)},
  volume =       {432},
  pages =        {482},
  YEAR =         {2004}
}

%%%%%%%%%%%%%%%%%%%%%%%%%%%%%%%%%%
% Raithel
%%%%%%%%%%%%%%%%%%%%%%%%%%%%%%%%%%

@Article{Brecha1993,
  title = {Circular {R}ydberg states with very large $n$},
  author = {R. J. Brecha and G. Raithel and C. Wagner and H. Walther},
  journal = {Opt. Commun.},
  volume = {102},
  pages = {257},
  year = {1993}
}

@Article{Dutta2000,
  title = {Ponderomotive Optical Lattice for {R}ydberg Atoms},
  author = {Dutta, S. K. and Guest, J. R. and Feldbaum, D.  and Walz-Flannigan, A.  and Raithel, G. },
  journal = {Phys. Rev. Lett.},
  volume = {85},
  pages = {5551},
  year = {2000}
}


@Article{Teo2003,
  title = {Autler-Townes spectroscopy of the $5S1/2-5P3/2-44D$ cascade of cold $85Rb$ atoms},
  author = {Teo, B. K. and Feldbaum, D.  and Cubel, T.  and Guest, J. R. and Berman, P. R. and Raithel, G. },
  journal = {Phys. Rev. A},
  volume = {68},
  pages = {053407},
  year = {2003}
}

@article{Walz-Flannigan2004,
author = {A. Walz-Flannigan and J. R. Guest and J.-H. Choi and G. Raithel},
title = {Cold-{R}ydberg-gas dynamics},
year = {2004},
journal = {Phys. Rev. A},
volume = {69},
pages = {063405},
}

@article{CubelLeibisch2005,
author = {T. {Cubel Liebisch} and A. Reinhard and P. R. Berman and G. Raithel},
collaboration = {},
title = {Atom Counting Statistics in Ensembles of Interacting {R}ydberg Atoms},
year = {2005},
journal = {Phys. Rev. Lett.},
volume = {95},
pages = {253002}
}

@article{Cubel2005,
author = {T. Cubel and B. K. Teo and V. S. Malinovsky and J. R. Guest and A. Reinhard and B. Knuffman and P. R. Berman and G. Raithel},
title = {Coherent population transfer of ground-state atoms into {R}ydberg states},
year = {2005},
journal = {Phys. Rev. A},
volume = {72},
pages = {023405}
}

@article{Choi2005,
author = {J.-H. Choi and J. R. Guest and A. P. Povilus and E. Hansis and G. Raithel},
title = {Magnetic Trapping of Long-Lived Cold {R}ydberg Atoms},
year = {2005},
journal = {Phys. Rev. Lett.},
volume = {95},
pages = {243001}
}

@article{Choi2006,
author = {J.-H. Choi and J.R. Guest and G. Raithel},
title = {Magnetic trapping of strongly-magnetized {R}ydberg atoms},
year = {2006},
journal = {Eur. Phys. J. D},
volume = {40},
pages = {19}
}


@article{Reinhard2007,
author = {A. Reinhard and T. Cubel Liebisch and B. Knuffman and G. Raithel},
title = {Level shifts of {R}ubidium {R}ydberg states due to binary interactions},
year = {2007},
journal = {Phys. Rev. A},
volume = {75},
pages = {032712}
}

@article{CubelLeibisch2007,
author = {T. {Cubel Liebisch} and A. Reinhard and P. R. Berman and G. Raithel},
collaboration = {},
title = {Erratum: Atom Counting Statistics in Ensembles of Interacting {R}ydberg Atoms [Phys. Rev. Lett. {\bf95}, 253002 (2005)]},
publisher = {APS},
year = {2007},
journal = {Phys. Rev. Lett.},
volume = {98},
pages = {109903},
note={erratum}
}


@Article{Choi2007,
  title = {Cold {R}ydberg atoms},
author={J. H. Choi and B. Knuffman and T. Cubel Leibisch and A. Reinhard and G. Raithel},
  journal = {Adv. At. Mol. Opt. Phys.},
  volume = {54},
  pages = {131},
  year = {2007}
}


@article{Reinhard2008a,
author = {A. Reinhard and T. Cubel Liebisch and K. C. Younge and P. R. Berman and G. Raithel},
title = {{R}ydberg-{R}ydberg Collisions: Resonant Enhancement of State Mixing and Penning Ionization},
year = {2008},
journal = {Phys. Rev. Lett.},
volume = {100},
pages = {123007}
}

@article{Reinhard2008b,
author = {A. Reinhard and K. C. Younge and T. Cubel Liebisch and B. Knuffman and P. R. Berman and G. Raithel},
title = {Double-Resonance Spectroscopy of Interacting {R}ydberg-Atom Systems},
year = {2008},
journal = {Phys. Rev. Lett.},
volume = {100},
pages = {233201}
}

@article{Reinhard2008c,
author = {A. Reinhard and K. C. Younge and G. Raithel},
collaboration = {},
title = {Effect of F\"o{}rster resonances on the excitation statistics of many-body {R}ydberg systems},
year = {2008},
journal = {Phys. Rev. A},
volume = {78},
pages = {060702(R)}
}

@article{Younge2009a,
  author={Kelly Cooper Younge and Georg Raithel},
  title={Rotary echo tests of coherence in {R}ydberg-atom excitation},
  journal={New J. Phys.},
  volume={11},
  pages={043006},
  year={2009}
}



@article{Younge2009b,
author = {K. C. Younge and A. Reinhard and T. Pohl and P. R. Berman and G. Raithel},
title = {Mesoscopic {R}ydberg ensembles: Beyond the pairwise-interaction approximation},
year = {2009},
journal = {Phys. Rev. A},
volume = {79},
pages = {043420}
}


@Article{Younge2010,
  title = {State-Dependent Energy Shifts of {R}ydberg Atoms in a Ponderomotive Optical Lattice},
  author = {Younge, K. C. and Knuffman, B.  and Anderson, S. E. and Raithel, G. },
  journal = {Phys. Rev. Lett.},
  volume = {104},
   pages = {173001},
  year = {2010}
 }


@article{Anderson2011,
  title = {Trapping {R}ydberg Atoms in an Optical Lattice},
  author = {Anderson, S. E. and Younge, K. C. and Raithel, G.},
  journal = {Phys. Rev. Lett.},
  volume = {107},
  pages = {263001},
  year = {2011}}


@article{Anderson2012,
  title = {Dependence of {R}ydberg-Atom Optical Lattices on the Angular Wave Function},
  author = {Anderson, S. E. and Raithel, G.},
  journal = {Phys. Rev. Lett.},
  volume = {109},
  pages = {023001},
  year = {2012}
}

@article{Anderson2013,
  title = {Production and trapping of cold circular {R}ydberg atoms},
  author = {Anderson, D. A. and Schwarzkopf, A. and Sapiro, R. E. and Raithel, G.},
  journal = {Phys. Rev. A},
  volume = {88},
  pages = {031401},
  year = {2013}
}


%%%%%%%%%%%%%%%%%%%%%%%%%%%%%%%%%%
% Rempe
%%%%%%%%%%%%%%%%%%%%%%%%%%%%%%%%%%

@article{Baur2014,
  title = {Single-Photon Switch Based on {R}ydberg Blockade},
  author = {Baur, Simon and Tiarks, Daniel and Rempe, Gerhard and D\"urr, Stephan},
  journal = {Phys. Rev. Lett.},
  volume = {112},
  pages = {073901},
  year = {2014}}

@article{Tiarks2014,
  title = {Single-Photon Transistor Using a {F}\"orster Resonance},
  author = {Tiarks, D. and Baur, S. and Schneider, K. and D\"urr, S. and Rempe, G.},
  journal = {Phys. Rev. Lett.},
  volume = {113},
  pages = {053602},
  year = {2014}}


%%%%%%%%%%%%%%%%%%%%%%%%%%%%%%%%%%
% Robicheaux
%%%%%%%%%%%%%%%%%%%%%%%%%%%%%%%%%%

@Article{Robicheaux2004,
  title = {Simulation of coherent interactions between {R}ydberg atoms},
  author = {Robicheaux, F.  and Hern\'{a}ndez, J. V. and Top\ifmmode \mbox{\c{c}}\else \c{c}\fi{}u, T.  and Noordam, L. D.},
  journal = {Phys. Rev. A},
  volume = {70},
  pages = {042703},
  year = {2004}
}

@article{Robicheaux2005,
author = {F. Robicheaux and J. V. Hern\'{a}ndez},
collaboration = {},
title = {Many-body wave function in a dipole blockade configuration},
year = {2005},
journal = {Phys. Rev. A},
volume = {72},
eid = {063403},
pages = {063403}
}


@article{Hernandez2006,
  author={J. V. Hern\'{a}ndez and F. Robicheaux},
  title={Coherence conditions for groups of {R}ydberg atoms},
  journal={J. Phys. B: At. Mol. Opt. Phys.},
  volume={39},
  pages={4883},
  year={2006}
}



@article{Wall2007,
  author={M L Wall and F Robicheaux and R R Jones},
  title={Controlling atom motion through the dipole-dipole force},
  journal={J. Phys. B: At. Mol. Opt. Phys.},
  volume={40},
   pages={3693},
   year={2007}
}

@article{Sun2008,
author = {B. Sun and F. Robicheaux},
collaboration = {},
title = {Spectral linewidth broadening from pair fluctuations in a frozen {R}ydberg gas},
year = {2008},
journal = {Phys. Rev. A},
volume = {78},
pages = {040701}
}




@article{Sun2008b,
  author={B Sun and F. Robicheaux},
  title={Numerical study of two-body correlation in a 1D lattice with perfect blockade},
  journal={New Journal of Physics},
  volume={10},
  pages={045032},
   year={2008}
}


@article{Hernandez2008,
  author={J V Hern\'{a}ndez and F. Robicheaux},
  title={Simulation of a strong van der {W}aals blockade in a dense ultracold gas},
  journal={J. Phys. B: At. Mol. Opt. Phys.},
  volume={41},
  pages={045301},
  year={2008}
}

@article{Hernandez2008b,
  author={J V Hern\'{a}ndez and F. Robicheaux},
  title={Simulations using echo sequences to
observe coherence in a cold {R}ydberg gas},
  journal={J. Phys. B: At. Mol. Opt. Phys.},
  volume={41},
  pages={195301},
  year={2008}
}

@article{Robicheaux2019,
  author={F. Robicheaux},
  title={Calculations of long range interactions for
$^{87}${S}r {R}ydberg states},
  journal={J. Phys. B: At. Mol. Opt. Phys.},
  volume={52},
  pages={244001},
  year={2019}
}

%%%%%%%%%%%%%%%%%%%%%%%%%%%%%%%%%%
% Rost
%%%%%%%%%%%%%%%%%%%%%%%%%%%%%%%%%%
@article{Ates2006,
  author={C Ates and T Pohl and T Pattard and J M Rost},
  title={Strong interaction effects on the atom counting statistics of ultracold {R}ydberg gases},
  journal={J. Phys. B: At. Mol. Opt. Phys.},
  volume={39},
  pages={L233},
   year={2006}
}

@article{Ates2007,
author = {C. Ates and T. Pohl and T. Pattard and J. M. Rost},
collaboration = {},
title = {Antiblockade in {R}ydberg Excitation of an Ultracold Lattice Gas},
publisher = {APS},
year = {2007},
journal = {Phys. Rev. Lett.},
volume = {98},
eid = {023002},
pages = {023002}
}

@article{Ates2007b,
author = {C. Ates and T. Pohl and T. Pattard and J. M. Rost},
collaboration = {},
title = {Many-body theory of excitation dynamics in an ultracold {R}ydberg gas},
year = {2007},
journal = {Phys. Rev. A},
volume = {76},
pages = {013413}
}


@Article{Wuster2010,
  title = {Correlations of {R}ydberg excitations in an ultra-cold gas after an echo sequence},
  author = {S. W\"uster and J. Stanojevic and C. Ates and T. Pohl and P. Deuar and  J. F. Corney and J. M. Rost},
  journal = {Phys. Rev. A},
  volume = {81},
  pages = {023406},
  year = {2010}
}

%%%%%%%%%%%%%%%%%%%%%%%%%%%%%%%%%%
% Ryabtsev
%%%%%%%%%%%%%%%%%%%%%%%%%%%%%%%%%%

@article{Ryabtsev2003,
  author={Igor I Ryabtsev and Denis B Tretyakov and Ilya I Beterov},
  title={Stark-switching technique for fast quantum gates in {R}ydberg atoms},
  journal={J. Phys. B: At. Mol. Opt. Phys.},
  volume={36},
  pages={297},
  year={2003}
}

@article{Ryabtsev2005,
  author={Igor I Ryabtsev and Denis B Tretyakov and Ilya I Beterov},
  title={Applicability of {R}ydberg atoms to quantum computers},
  journal={J. Phys. B: At. Mol. Opt. Phys.},
  volume={38},
  pages={S421},
  year={2005}
}

@article{Ryabtsev2007,
author = {I. I. Ryabtsev and D. B. Tretyakov and I. I. Beterov and V. M. Entin},
title = {Effect of finite detection efficiency on the observation of the dipole-dipole interaction of a few {R}ydberg atoms},
year = {2007},
journal = {Phys. Rev. A},
volume = {76},
pages = {012722}
}

@article{Ryabtsev2007b,
author = {I. I. Ryabtsev and D. B. Tretyakov and I. I. Beterov and V. M. Entin},
title = {Erratum: {E}ffect of finite detection efficiency on the observation of the dipole-dipole interaction of a few {R}ydberg atoms},
year = {2007},
journal = {Phys. Rev. A},
volume = {76},
pages = {049902}
}

@article{Beterov2007,
author = {I. I. Beterov and D. B. Tretyakov and I. I. Ryabtsev and A. Ekers and N. N. Bezuglov},
title = {Ionization of sodium and rubidium nS, nP, and nD {R}ydberg atoms by blackbody radiation},
year = {2007},
journal = {Phys. Rev. A},
volume = {75},
pages = {052720}
}


@article{Beterov2009,
author = {I. I. Beterov and I. I. Ryabtsev and D. B. Tretyakov and V. M. Entin},
title = {Quasiclassical calculations of blackbody-radiation-induced depopulation rates and effective lifetimes 
of {R}ydberg n{S}, n{P}, and n{D} alkali-metal atoms with $n \le 80$},
year = {2009},
journal = {Phys. Rev. A},
volume = {79},
pages = {052504}
}

@article{Beterov2009b,
author = {I. I. Beterov and I. I. Ryabtsev and D. B. Tretyakov and V. M. Entin},
title = {Erratum: {Q}uasiclassical calculations of blackbody-radiation-induced depopulation rates and 
effective lifetimes of {R}ydberg n{S}, n{P}, and n{D} alkali-metal atoms with $n \le 80$},
year = {2009},
journal = {Phys. Rev. A},
volume = {80},
pages = {059902}
}

@article{Beterov2009c,
author = {I. I. Beterov and D. B. Tretyakov and I. I. Ryabtsev and V. M. Entin and
A. Ekers and N. N. Bezuglov},
title = {Ionization of {R}ydberg atoms by blackbody radiation},
year = {2009},
journal = {New J. Phys.},
volume = {11},
pages = {013052}
}


@article{Ryabtsev2010,
author = {I. I. Ryabtsev and D. B. Tretyakov and I. I. Beterov and V. M. Entin},
title = {Observation of the {S}tark-tuned {F}\"orster resonance between two {R}ydberg atoms},
year = {2010},
journal = {Phys. Rev. Lett.},
volume = {104},
pages = {073003}
}

@article{Beterov2011,
  title = {Deterministic single-atom excitation via adiabatic passage and {R}ydberg blockade},
  author = {Beterov, I. I. and Tretyakov, D. B. and Entin, V. M. and Yakshina, E. A. and Ryabtsev, I. I. and MacCormick, C. and Bergamini, S.},
  journal = {Phys. Rev. A},
  volume = {84},
  issue = {2},
  pages = {023413},
  year = {2011}
}


@article{Ryabtsev2011,
  author = {Ryabtsev, I. I. and Beterov, I. I. and Tretyakov, D. B. and Entin, V. M. and Yakshina, E. A.},
  volume = {84},
  journal = {Phys. Rev. A},
  title = {Doppler- and recoil-free laser excitation of {R}ydberg states via three-photon transitions},
  year = {2011},
  pages = {053409}
}

@article{Beterov2013a,
  author = { I. I. Beterov and M. Saffman and E. A. Yakshina and 
 V. P. Zhukov and  D. B. Tretyakov and  V. M. Entin and  I. I. Ryabtsev and  
C. W. Mansell and  C. MacCormick and  S. Bergamini and M. P. Fedoruk},
  volume = {88},
  journal = {Phys. Rev. A},
  title = {Quantum gates in mesoscopic atomic ensembles based on adiabatic passage and {R}ydberg blockade},
  year = {2013},
  pages = {010303(R)}
}

@article{Beterov2014,
  author = { I. I. Beterov and  M. Saffman and  V. P. Zhukov and  D. B. Tretyakov and 
 V. M. Entin and  E. A. Yakshina and  I. I. Ryabtsev and  C. W. Mansell and 
 C. MacCormick and  S. Bergamini and M. P. Fedoruk},
  journal = {Laser Phys.},
volume={24},
pages={074013},
  title = {Coherent control of mesoscopic atomic ensembles
for quantum information},
  year = {2014}
}

@article{Tretyakov2014,
  title = {Controlling the interactions of a few cold {R}b {R}ydberg atoms by radio-frequency-assisted {F}\"orster resonances},
  author = {Tretyakov, D. B. and Entin, V. M. and Yakshina, E. A. and Beterov, I. I. and Andreeva, C. and Ryabtsev, I. I.},
  journal = {Phys. Rev. A},
  volume = {90},
  pages = {041403(R)},
  year = {2014}
}

@article{Beterov2016,
  author = { I. I. Beterov and M. Saffman and E. A. Yakshina and D. B. Tretyakov and  V. M. Entin and G. N. Hamzina and  I. I. Ryabtsev},
  volume = {49},
  journal = {J. Phys. B: At. Mol. Opt. Phys.},
  title = {Simulated quantum process tomography of quantum gates with {R}ydberg superatoms},
  year = {2016},
  pages = {114007}
}

@article{Beterov2016b,
  author = {I. I. Beterov and M. Saffman and E. A. Yakshina and D. B. Tretyakov 
and  V. M. Entin and S. Bergamini and E. A. Kuznetsova  and  I. I. Ryabtsev},
  journal = {Phys. Rev. A},
volume={94},
  title = {Two-qubit gates using adiabatic passage of the {S}tark-tuned {F}\"orster resonances in {R}ydberg atoms},
  pages={062307},year = {2016}
}



@article{Beterov2018,
  title = {Adiabatic passage of radio-frequency-assisted {F}\"orster resonances in Rydberg atoms for two-qubit gates and the generation of Bell states},
  author = {Beterov, I. I. and Hamzina, G. N. and Yakshina, E. A. and Tretyakov, D. B. and Entin, V. M. and Ryabtsev, I. I.},
  journal = {Phys. Rev. A},
  volume = {97},
  pages = {032701},
  year = {2018}
}



%%%%%%%%%%%%%%%%%%%%%%%%%%%%%%%%%%
% Shaffer
%%%%%%%%%%%%%%%%%%%%%%%%%%%%%%%%%%

@article{Schwettmann2006,
author = {A. Schwettmann and J. Crawford and K. R. Overstreet and J. P. Shaffer},
title = {Cold {C}s {R}ydberg-gas interactions},
year = {2006},
journal = {Phys. Rev. A},
volume = {74},
pages = {020701(R)}
}

@article{Overstreet2007,
author = {K. R. Overstreet and A. Schwettmann and J. Tallant and J. P. Shaffer},
collaboration = {},
title = {Photoinitiated collisions between cold Cs {R}ydberg atoms},
publisher = {APS},
year = {2007},
journal = {Phys. Rev. A},
volume = {76},
pages = {011403}
}

@article{Overstreet2009,
author = {K. R. Overstreet and  A. Schwettmann and  J. Tallant and  D. Booth and J. P. Shaffer},
title = {Observation of Cs {R}ydberg atom macrodimers},
year = {2009},
journal = {Nat. Phys.},
volume = {5},
pages = {581}
}

@Article{Tallant2010,
  title = {Photoionization rates of {C}s {R}ydberg atoms in a 1064-nm far-off-resonance trap},
  author = {Tallant, J.  and Booth, D.  and Shaffer, J. P.},
  journal = {Phys. Rev. A},
  volume = {82},
  pages = {063406},
  year = {2010}
}

@article{Fan2015,
  title = {Atom based {RF} electric field sensing},
  author = {H. Fan and S. Kumar and J. Sedlacek and H. K\"ubler and S. Karimkashi and J. P. Shaffer},
  journal = {J. Phys. B: At. Mol. Opt. Phys},
  volume = {48},
  pages = {202001},
  year = {2015}
}


@article{Sedlacek2016,
  title = {Electric Field Cancellation on Quartz by {R}b Adsorbate-Induced Negative Electron Affinity},
  author = {Sedlacek, J. A. and Kim, E. and Rittenhouse, S. T. and Weck, P. F. and Sadeghpour, H. R. and Shaffer, J. P.},
  journal = {Phys. Rev. Lett.},
  volume = {116},
  pages = {133201},
  year = {2016}
}





%%%%%%%%%%%%%%%%%%%%%%%%%%%%%%%%%%
% Vuletic
%%%%%%%%%%%%%%%%%%%%%%%%%%%%%%%%%%

@ARTICLE{Simon2007,
  AUTHOR =       {J. Simon and H. Tanji and J. K. Thompson and V. Vuleti\'{c}},
  TITLE =        {Interfacing Collective Atomic Excitations and Single Photons},
  JOURNAL =      {Phys. Rev. Lett.},
  volume =       {98},
  pages =        {183601},
  YEAR =         {2007}
}



%%%%%%%%%%%%%%%%%%%%%%%%%%%%%%%%%%
% Weidemueller
%%%%%%%%%%%%%%%%%%%%%%%%%%%%%%%%%%

@Article{Singer2004,
  title = {Suppression of Excitation and Spectral Broadening Induced by Interactions in a Cold Gas of {R}ydberg Atoms},
  author = {Singer, Kilian  and Reetz-Lamour, Markus  and Amthor, Thomas  and Marcassa, Luis Gustavo and Weidem\"uller, Matthias },
  journal = {Phys. Rev. Lett.},
  volume = {93},
  pages = {163001},
  year = {2004}
}

@article{Singer2005a,
  author={Kilian Singer and Jovica Stanojevic and Matthias Weidem\"uller and Robin Cote},
  title={Long-range interactions between alkali {R}ydberg atom pairs correlated to the ns-ns, np-np and nd-nd asymptotes},
  journal={J. Phys. B: At. Mol. Opt. Phys.},
  volume={38},
  pages={S295},
  year={2005}
}

@article{Singer2005b,
  author={Kilian Singer and Markus Reetz-Lamour and Thomas Amthor and Simon Folling and Michaela Tscherneck and Matthias Weidem\"uller},
  title={Spectroscopy of an ultracold {R}ydberg gas and signatures of {R}ydberg-{R}ydberg interactions},
  journal={J. Phys. B: At. Mol. Opt. Phys.},
  volume={38},
  pages={S321},
  year={2005}
}

@article{Deiglmayr2006,
author = { J. Deiglmayr and M. Reetz-Lamour and T. Amthor and S. Westermann and  A. L. de Oliveira
and M. Weidem\"{u}ller},
title = {Coherent excitation of {R}ydberg atoms in an ultracold gas},
year = {2006},
journal = {Opt. Commun.},
volume = {264},
pages = {293}
}


@article{Reetz-Lamour2006,
author = {M. Reetz-Lamour and T. Amthor and J. Deiglmayr and S. Westermann and K. Singer and A. L. de Oliveira
and L. G. Marcassa and M. Weidem\"{u}ller},
title = {Prospects of ultracold {R}ydberg gases for quantum information processing},
year = {2006},
journal = {Fortschritte der Physik},
volume = {54},
pages = {776}
}

@article{Westermann2006,
author = {S. Westermann and  T. Amthor and A. L. de Oliveira and J. Deiglmayr and M. Reetz-Lamour and M. Weidem\"uller} ,
title = {Dynamics of resonant energy transfer in a cold {R}ydberg gas},
year = {2006},
journal = {Eur. Phys. J. D},
volume = {40},
pages = {37}
}



@article{Mulken2007,
author = {Oliver M\"{u}lken and Alexander Blumen and Thomas Amthor and Christian Giese and
Markus Reetz-Lamour and Matthias Weidem\"{u}ller},
title = {Survival Probabilities in Coherent Exciton Transfer with Trapping},
year = {2007},
journal = {Physical Review Letters},
volume = {99},
numpages = {4},
pages = {090601}
}


@article{Amthor2007,
author = {T. Amthor and M. Reetz-Lamour and S. Westermann and J. Denskat and M. Weidem\"{u}ller},
title = {Mechanical Effect of van der {W}aals Interactions Observed in Real Time in an Ultracold {R}ydberg Gas},
year = {2007},
journal = {Phys. Rev. Lett.},
volume = {98},
pages = {023004}
}


@article{Reetz-Lamour2008a,
  author={M Reetz-Lamour and J Deiglmayr and T Amthor and M Weidem\"{u}ller},
  title={{R}abi oscillations between ground and {R}ydberg states and van der {W}aals blockade in a mesoscopic frozen {R}ydberg gas},
  journal={New J.  Phys.},
  volume={10},
  pages={045026},
  year={2008}
}


@article{Reetz-Lamour2008b,
author = {M. Reetz-Lamour and T. Amthor and J. Deiglmayr and M. Weidem\"{u}ller},
title = {Rabi Oscillations and Excitation Trapping in the Coherent Excitation of a Mesoscopic Frozen {R}ydberg Gas},
year = {2008},
journal = {Phys. Rev. Lett.},
volume = {100},
pages = {253001}
}


@article{Amthor2010,
author = {Thomas Amthor and  Christian Giese and Christoph S. Hofmann and Matthias Weidem\"uller},
title = {Evidence of antiblockade in an ultracold {R}ydberg gas},
year = {2010},
journal = {Phys. Rev. Lett.},
volume = {104},
pages = {013001}
}

@article{Gunter2012,
  title = {Interaction Enhanced Imaging of Individual {R}ydberg Atoms in Dense Gases},
  author = {G\"unter, G. and Robert-de-Saint-Vincent, M. and Schempp, H. and Hofmann, C. S. and Whitlock, S. and Weidem\"uller, M.},
  journal = {Phys. Rev. Lett.},
  volume = {108},
  pages = {013002},
  year = {2012}}

@article{Hofmann2013,
  title = {Sub-Poissonian Statistics of {R}ydberg-Interacting Dark-State Polaritons},
  author = {Hofmann, C. S. and G\"unter, G. and Schempp, H. and Robert-de-Saint-Vincent, M. and G\"arttner, M. and Evers, J. and Whitlock, S. and Weidem\"uller, M.},
  journal = {Phys. Rev. Lett.},
  volume = {110},
  issue = {20},
  pages = {203601},
  numpages = {5},
  year = {2013}
}


%%%%%%%%%%%%%%%%%%%%%%%%%%%%%%%%%%
% Zoller
%%%%%%%%%%%%%%%%%%%%%%%%%%%%%%%%%%

@article{Santos2000,
  title = {{B}ose-{E}instein Condensation in Trapped Dipolar Gases},
  author = {Santos, L. and Shlyapnikov, G. V. and Zoller, P. and Lewenstein, M.},
  journal = {Phys. Rev. Lett.},
  volume = {85},
  pages = {1791--1794},
  year = {2000}
}


@Article{Jaksch2000,
  title = {Fast Quantum Gates for Neutral Atoms},
  author = {Jaksch, D.  and Cirac, J. I. and Zoller, P.  and Rolston, S. L. and C\^ot\'e, R.  and Lukin, M. D.},
  journal = {Phys. Rev. Lett.},
  volume = {85},
  pages = {2208--2211},
  year = {2000}
}


@Article{Lukin2001,
  title = {Dipole Blockade and Quantum Information Processing in Mesoscopic Atomic Ensembles},
  author = {Lukin, M. D. and Fleischhauer, M.  and Cote, 
R.  and Duan, L. M. and Jaksch, D.  and Cirac, J. I. and Zoller, P. },
  journal = {Phys. Rev. Lett.},
  volume = {87},
  pages = {037901},
  year = {2001}
}

@Article{Duan2001,
author = {L. M. Duan and  M. D. Lukin and  J. I. Cirac and P. Zoller},
title={Long-distance quantum communication with atomic ensembles and linear
optics},
journal={Nature},
volume={414},
pages={413},
year={2001}
}


@Article{Zoller2003,
  title = {Entangling Strings of Neutral Atoms in 1D Atomic Pipeline Structures},
  author = {Dorner, U.  and Fedichev, P.  and Jaksch, D.  and Lewenstein, M.  and Zoller, P. },
  journal = {Phys. Rev. Lett.},
  volume = {91},
  pages = {073601},
  year = {2003},
  month = {Aug},
  doi = {10.1103/PhysRevLett.91.073601},
  publisher = {American Physical Society}
}

@Article{Garcia-Ripoll2003,
author = {J. J. Garc\'ia-Ripoll and P. Zoller and J. I. Cirac},
title={Speed Optimized Two-Qubit Gates with Laser Coherent Control Techniques for Ion Trap Quantum Computing},
journal={Phys. Rev. Lett.},
volume={91},
pages={157901},
year={2003}
}

@article{Rabl2003,
author = {P. Rabl and  A. J. Daley and P. O. Fedichev and J. I. Cirac and P. Zoller},
title = {Defect-Suppressed Atomic Crystals in an Optical Lattice},
year = {2003},
journal = {Phys. Rev. Lett.},
volume = {91},
pages = {110403}
}


@Article{Cozzini2006,
  title = {Fast {R}ydberg gates without dipole blockade via quantum control},
  author = {M. Cozzini and T. Calarco and A. Recati and P. Zoller},
  journal = {Optics Commun.},
  volume = {264},
  pages = {375},
  year = {2006}
}

@article{Rabl2007,
author = {P. Rabl and P. Zoller},
title = {Molecular dipolar crystals as high-fidelity quantum memory for hybrid quantum computing},
year = {2007},
journal = {Phys. Rev. A},
volume = {76},
pages = {042308}
}

@article{Muller2008,
  author={M. M\"uller and L. Liang and I. Lesanovsky and P. Zoller},
  title={Trapped {R}ydberg ions: from spin chains to fast quantum gates},
  journal={New J.  Phys.},
  volume={10},
  pages={093009},
  year={2008}
}

@ARTICLE{Muller2009,
  AUTHOR =       {M. M\"uller and I. Lesanovsky and H. Weimer and H. P. B\"uchler and P. Zoller},
  TITLE =        {Mesoscopic {R}ydberg Gate based on Electromagnetically Induced Transparency},
  JOURNAL =      {Phys. Rev. Lett.},
volume={102},
pages={170502},
  YEAR =         {2009}
}

@article{Pupillo2009,
  author={G. Pupillo and  A. Micheli and  M. Boninsegni and  I. Lesanovsky and P. Zoller},
  title={Mesoscopic phases of dipolar ensembles with polar molecules and {R}ydberg atoms},
  journal={arXiv:0904.2735},
  year={2009}
}

@article{Weimer2010,
  author={H. Weimer and M. M\"uller and I. Lesanovsky and P. Zoller and H. P. B\"uchler},
  title={A {R}ydberg quantum simulator},
year={2010},
journal={Nat. Phys.},
volume={6},
pages={382}
}

@article{Pupillo2010,
  author={G. Pupillo and A. Micheli and M. Boninsegni and I. Lesanovsky and P. Zoller},
  title={Strongly correlated gases of {R}ydberg-dressed atoms: quantum and classical dynamics},
journal = {Phys. Rev. Lett.},
  volume = {104},
  pages = {223002},
  year = {2010}
}




}

@article{PhysRevLett.104.223002,
  title = {Strongly Correlated Gases of {R}ydberg-Dressed Atoms: Quantum and Classical Dynamics},
  author = {Pupillo, G. and Micheli, A. and Boninsegni, M. and Lesanovsky, I. and Zoller, P.},
  journal = {Phys. Rev. Lett.},
  volume = {104},
  issue = {22},
  pages = {223002},
  numpages = {4},
  year = {2010},
  month = {Jun},
  publisher = {American Physical Society},
  doi = {10.1103/PhysRevLett.104.223002},
  url = {http://link.aps.org/doi/10.1103/PhysRevLett.104.223002}
}




@article{Zhao2010,
  author={Bo Zhao and Markus M\"uller and Klemens Hammerer and Peter Zoller},
  title={Efficient quantum repeater based on deterministic {R}ydberg gates},
year={2010},
journal={Phys. Rev. A},
volume={81},
pages={052329}
}

@article{Glaetzle2014,
  title = {Quantum Spin-Ice and Dimer Models with {R}ydberg Atoms},
  author = {Gl\"atzle, A. W. and Dalmonte, M. and Nath, R. and Rousochatzakis, I. and Moessner, R. and Zoller, P.},
  journal = {Phys. Rev. X},
  volume = {4},
  pages = {041037},
  year = {2014}
}

@article{zollerprivate,
  title = {private communication},
  author = {Gl\"atzle, A. W. and Zoller, P.},
  journal = {},
  volume = {},
  pages = {},
  year = {2016}
}



@article{Vermersch2015,
  title = {Magic distances in the blockade mechanism of {R}ydberg $p$ and $d$ states},
  author = {Vermersch, B. and Glaetzle, A. W. and Zoller, P.},
  journal = {Phys. Rev. A},
  volume = {91},
  pages = {023411},
  year = {2015}
}


 
@article{Nath2015, 
author={R. Nath and M. Dalmonte and A. W. Glaetzle and P. Zoller and F. Schmidt-Kaler and R. Gerritsma},
 
 title={Hexagonal plaquette spin-spin interactions and quantum magnetism in a two-dimensional ion crystal},
 
 journal={New J. Phys.},
 
 volume={17},
 
  pages={065018},
   year={2015}
}
	

@article{Glaetzle2015,
  title = {Designing Frustrated Quantum Magnets with Laser-Dressed {R}ydberg Atoms},
  author = {Glaetzle, A. W. and Dalmonte, M. and Nath, R. and Gross, C. and Bloch, I. and Zoller, P.},
  journal = {Phys. Rev. Lett.},
  volume = {114},
  pages = {173002},
  year = {2015}
}


%%%%%%%%%%%%%%%%%%%%%%%%%%%%%%%%%%%%%%%%%
% assorted
%%%%%%%%%%%%%%%%%%%%%%%%%%%%%%%%%%%%%%%%%%

@article{WLi2013,
  title = {Nonadiabatic Motional Effects and Dissipative Blockade for {R}ydberg Atoms Excited from Optical Lattices or Microtraps},
  author = {Li, W. and Ates, C. and Lesanovsky, I.},
  journal = {Phys. Rev. Lett.},
  volume = {110},
  pages = {213005},
  year = {2013}
}



@Article{Mitra2019,
  title = {Robust {M}\o{}lmer-{S}\o{}renson gate for neutral atoms using rapid adiabatic {R}ydberg dressing},
  author = {A. Mitra and M. J. Martin and  G. W. Biedermann and
A. M. Marino and P. M. Poggi and I. H. Deutsch},
  journal = {arXiv:1911.04045},
  volume = {},
  pages = {},
  year = {2019}
}



@Article{Skornia2001,
  title = {Monitoring the dipole-dipole interaction via quantum jumps of individual atoms},
  author = {Skornia, C.  and von Zanthier, J.  and Agarwal, G. S. and Werner, E.  and Walther, H. },
  journal = {Phys. Rev. A},
  volume = {64},
  pages = {053803},
  year = {2001}, 
  doi = {10.1103/PhysRevA.64.053803},
  publisher = {American Physical Society}
}

@Article{Safronova2003,
  title = {Optimizing the fast {R}ydberg quantum gate},
  author = {Safronova, M. S. and Williams, C. J. and Clark, Charles W.},
  journal = {Phys. Rev. A},
  volume = {67},
  pages = {040303(R)},
  year = {2003}
}




@Article{PhysRevLett.88.067901,
  title = {Quantum Computation with Trapped Polar Molecules},
  author = {DeMille, D. },
  journal = {Phys. Rev. Lett.},
  volume = {88},
  pages = {067901},
  year = {2002}
}


@Article{Lengwenus2010,
  title = {Coherent Transport of Atomic Quantum States in a Scalable Shift Register},
  author = {A. Lengwenus and J. Kruse and M. Schlosser and S. Tichelmann and G. Birkl},
  journal = {Phys. Rev. Lett.},
  volume = {105},
  pages = {170502},
  year = {2010}
}



@Article{PhysRevLett.89.097903,
  title = {Micro-optical Realization of Arrays of Selectively Addressable Dipole Traps: A Scalable Configuration for Quantum Computation with Atomic Qubits},
  author = {Dumke, R.  and Volk, M.  and M\"uther, T.  and Buchkremer, F. B. J. and Birkl, G.  and Ertmer, W. },
  journal = {Phys. Rev. Lett.},
  volume = {89},
  pages = {097903},
  year = {2002},
  month = {Aug},
  doi = {10.1103/PhysRevLett.89.097903},
  publisher = {American Physical Society}
}







@Article{PhysRevLett.91.123601,
  title = {Laser Control of Collective Spontaneous Emission},
  author = {Macovei, M.  and Keitel, C. H.},
  journal = {Phys. Rev. Lett.},
  volume = {91},
  pages = {123601},
  year = {2003}
}




@Article{Carroll2004,
  title = {Angular Dependence of the Dipole-Dipole Interaction in a Nearly One-Dimensional Sample of {R}ydberg Atoms},
  author = {Carroll, Thomas J. and Claringbould, Katharine  and Goodsell, Anne  and Lim, M. J. and Noel, Michael W.},
  journal = {Phys. Rev. Lett.},
  volume = {93},
  pages = {153001},
  year = {2004}
}


@article{Carroll2006,
author = {T. J. Carroll and S. Sunder and M. W. Noel},
collaboration = {},
title = {Many-body interactions in a sample of ultracold {R}ydberg atoms with varying dimensions and densities},
year = {2006},
journal = {Phys. Rev. A},
volume = {73},
pages = {032725}
}

@article{Carroll2009,
author = {T. J. Carroll and Christopher Daniel and Leah Hoover and Timothy Sidie and M. W. Noel},
title = {Simulations of the Dipole-Dipole Interaction between Two Spatially Separated
Groups of {R}ydberg Atoms},
year = {2009},
journal = {Phys. Rev. A},
volume = {80},
pages = {052712}
}



@article{nascimento:034703,
author = {V. A. Nascimento and M. Reetz-Lamour and L. L. Caliri and A. L. de Oliveira and L. G. Marcassa},
collaboration = {},
title = {Motion in an ultralong-range potential in cold-{R}ydberg-atom collisions},
publisher = {APS},
year = {2006},
journal = {Phys. Rev. A},
volume = {73},
pages = {034703}
}






@article{Kanjilal2007,
author = {K. Kanjilal and John L. Bohn and D. Blume},
collaboration = {},
title = {Pseudopotential treatment of two aligned dipoles under external harmonic confinement},
publisher = {APS},
year = {2007},
journal = {Phys. Rev. A},
volume = {75},
pages = {052705}
}





@article{melo:023418,
author = {Natalia R. de Melo and Sandra S. Vianna},
collaboration = {},
title = {{R}ydberg-{R}ydberg interaction in the second-harmonic generation from {R}ubidium atoms},
publisher = {APS},
year = {2008},
journal = {Phys. Rev. A},
volume = {77},
pages = {023418}
}


@article{0953-4075-38-2-020,
  author={M R Flannery and D Vrinceanu and V N Ostrovsky},
  title={Long-range interaction between polar {R}ydberg atoms},
  journal={J. Phys. B: At. Mol. Opt. Phys.},
  volume={38},
   pages={S279-S293},
  year={2005}
}

@article{0953-4075-41-8-081009,
  author={S X Hu},
  title={Heating of frozen {R}ydberg gases in a strong magnetic field},
  journal={J. Phys. B: At. Mol. Opt. Phys.},
  volume={41},
  pages={081009},
  year={2008}
}



@article{shahriar:022323,
author = {M. S. Shahriar and G. S. Pati and K. Salit},
title = {Quantum communication and computing with atomic ensembles using a light-shift-imbalance-induced blockade},
year = {2007},
journal = {Phys. Rev. A},
volume = {75},
pages = {022323},
keywords = {rubidium; quantum communication; quantum gates; quantum optics},
doi = {10.1103/PhysRevA.75.022323}
}


@article{0953-4075-40-9-S05,
  author={A Mandilara and V M Akulin},
  title={Cooperative behaviour of qutrits with dipole\&ndash;dipole interactions},
  journal={J. Phys. B: At. Mol. Opt. Phys.},
  volume={40},
  pages={S95-S102},
  year={2007}
}

@article{Petrosyan2005,
  author={D. Petrosyan},
  title={Towards deterministic optical quantum computation with coherently driven atomic ensembles},
  journal={Journal of Optics B: Quantum and Semiclassical Optics},
  volume={7},
  pages={S141-S151},
  year={2005}
}

@article{0953-4075-35-10-102,
  author={E. L. Hamilton and C. H. Greene and H. R. Sadeghpour},
  title={Shape-resonance-induced long-range molecular {R}ydberg states},
  journal={Journ. Phys. B},
  volume={35},
  pages={L199-L206},
  year={2002}
}

@article{Pohl2009,
  author={T. Pohl and P. R. Berman},
  title={Breaking the dipole blockade: Nearly resonant dipole interactions in few-atom systems},
  journal={Phys. Rev. Lett.},
  volume={102},
  pages={013004},
  year={2009}
}





@ARTICLE{Imamoglu2002,
  AUTHOR =       {A. Imamoglu},
  TITLE =        {High Efficiency Photon Counting Using Stored Light},
  JOURNAL =      {Phys. Rev. Lett.},
  volume =       {89},
  pages =        {163602},
  YEAR =         {2002}
}


@article{Nunn2008,
author = {J. Nunn and K. Reim and K. C. Lee and V. O. Lorenz and B. J. Sussman and I. A. Walmsley and D. Jaksch},
title = {Multimode Memories in Atomic Ensembles},
year = {2008},
journal = {Phys. Rev. Lett.},
volume = {101},
pages = {260502}
}

@Article{Dur2003,
  title = {Entanglement Purification for Quantum Computation},
  author = {D\"ur, W.  and Briegel, H.-J. },
  journal = {Phys. Rev. Lett.},
  volume = {90},
  pages = {067901},
  year = {2003}
}

@ARTICLE{Mazets2007,
  AUTHOR =       {I. E. Mazets and G. Kurizki},
  TITLE =        {Multiatom cooperative emission following single-photon absorption: Dicke-state dynamics},
  JOURNAL =      {J. Phys. B: At. Mol. Opt. Phys.},
  YEAR =         {2007},
  volume =       {40},
  pages =        {F105}
}



@ARTICLE{Liu2001,
  AUTHOR =       {C. Liu and Z. Dutton and C. H. Behroozi and L. V. Hau},
  TITLE =        {Observation of coherent optical information storage in an atomic medium using halted light pulses},
  JOURNAL =      {Nature (London)},
  YEAR =         {2001},
  volume =       {409},
  pages =        {490}
}

@article{Porras2008,
author = {D. Porras and J. I. Cirac},
title = {Collective generation of quantum states of light by entangled atoms},
year = {2008},
journal = {Phys. Rev. A},
volume = {78},
pages = {053816}
}


@article{Das2008,
author = {S. Das and G. S. Agarwal and Marlan O. Scully},
title = {Quantum Interferences in Cooperative Dicke Emission from Spatial Variation of the Laser Phase},
year = {2008},
journal = {Phys. Rev. Lett.},
volume = {101},
pages = {153601}
}


@ARTICLE{Friedenauer2008,
  AUTHOR =       {A. Friedenauer and H. Schmitz and J. T. Glueckert and D. Porras and T. Schaetz},
  TITLE =        {Simulating a quantum magnet with trapped ions},
  JOURNAL =      {Nature Phys.},
  YEAR =         {2008},
  volume =       {4},
  pages =        {757},
}


@article{Toth2007,
author = {G\'{e}za T\'{o}th and Christian Knapp and Otfried G\"{u}hne and Hans J. Briegel},
title = {Optimal Spin Squeezing Inequalities Detect Bound Entanglement in Spin Models},
journal = {Phys. Rev. Lett.},
volume = {99},
pages = {250405},
year = {2007}
}


@Article{Cummins2003,
  title = {Tackling systematic errors in quantum logic gates with composite rotations},
  author = {Cummins, H. K. and Llewellyn, G.  and Jones, J. A.},
  journal = {Phys. Rev. A},
  volume = {67},
  pages = {042308},
  year = {2003}
}

@Article{James2002,
  title = {Atomic-Vapor-Based High Efficiency Optical Detectors with Photon Number Resolution},
  author = {James, Daniel F. V. and Kwiat, Paul G.},
  journal = {Phys. Rev. Lett.},
  volume = {89},
  pages = {183601},
  numpages = {4},
  year = {2002}
}

@Article{Wineland1994,
  title = {Squeezed atomic states and projection noise in spectroscopy},
  author = {Wineland, D. J. and Bollinger, J. J. and Itano, W. M. and Heinzen, D. J.},
  journal = {Phys. Rev. A},
  volume = {50},
  pages = {67},
  year = {1994}
}



@Article{Seaton1958,
  title = {The quantum defect method},
  author = {M. J. Seaton},
  journal = {Mon. Not. Royal Astron. Soc.},
  volume = {118},
  pages = {504},
  year = {1958}
}

@Article{Gounand1979a,
  title = {Calculation of radial matrix-elements and radiative lifetimes for highly excited-states of alkali atoms using the Coulomb approximation},
  author = {F. Gounand},
  journal = {J. de Physique},
  volume = {40},
  pages = {457},
  year = {1979}
}

@article{Gounand1979b,
  author={F Gounand and M Hugon and P R Fournier and J Berlande},
  title={Superradiant cascading effects in {R}ubidium {R}ydberg levels},
  journal={J. Phys. B: At. Mol. Opt. Phys.},
  volume={12},
  pages={547-553},
  year={1979}
}


@Article{Schoelkopf2004,
  title = {Cavity quantum electrodynamics for superconducting electrical circuits: An architecture for quantum computation},
  author = {Blais, Alexandre  and Huang, Ren-Shou  and Wallraff, Andreas  and Girvin, S. M. and Schoelkopf, R. J.},
  journal = {Phys. Rev. A},
  volume = {69},
  pages = {062320},
  year = {2004}
}

@article{Zwierz2009,
author = {Marcin Zwierz and Pieter Kok},
collaboration = {},
title = {High-efficiency cluster-state generation with atomic ensembles via the dipole-blockade mechanism},
year = {2009},
journal = {Phys. Rev. A},
volume = {79},
pages = {022304}
}


@article{Petrosyan2009,
author = {D. Petrosyan and G. Bensky and G. Kurizki and I. Mazets and J. Majer and J. Schmiedmayer},
collaboration = {},
title = {Reversible state transfer between superconducting qubits and atomic ensembles},
year = {2009},
journal = {Phys. Rev. A},
volume = {79},
pages = {040304(R)}
}

@article{Rosenband2008,
author = {T. Rosenband and D. B. Hume and P. O. Schmidt and C. W. Chou and
A. Brusch and L. Lorini and W. H. Oskay and
R. E. Drullinger and T. M. Fortier and J. E. Stalnaker and S. A. Diddams and
 W. C. Swann and
N. R. Newbury and W. M. Itano and D. J. Wineland and J. C. Bergquist},
title = {Frequency Ratio of Al$^+$ and Hg$^+$ Single-Ion Optical Clocks; Metrology at the 17th Decimal Place},
year = {2008},
journal = {Science},
volume = {319},
pages = {1808}
}




@article{Seidelin2006,
author = {S. Seidelin and J. Chiaverini and R. Reichle and J. J. Bollinger and D. Leibfried and J. Britton and J. H. Wesenberg and R. B. Blakestad and R. J. Epstein and D. B. Hume and W. M. Itano and J. D. Jost and C. Langer and R. Ozeri and N. Shiga and D. J. Wineland},
title = {Microfabricated Surface-Electrode Ion Trap for Scalable Quantum Information Processing},
year = {2006},
journal = {Phys. Rev. Lett.},
volume = {96},
pages = {253003}
}

@Article{Forster1948,
author={T. F\"orster},
title={Zwischenmolekulare energiewanderung und fluoreszenz},
journal={Ann. d. Physik},
volume={ 437},
pages={ 55},
year={1948}
}



@article{McClelland2006,
  author={J. J. McClelland and J. L. Hanssen},
  title={Laser Cooling without Repumping: A Magneto-Optical
Trap for Erbium Atoms},
  journal={Phys. Rev. Lett.},
  volume={96},
  pages={143005},
  year={2006}
}




@article{Beals2008,
  author={T. R. Beals and J. Vala and K. B. Whaley},
  title={Scalability of quantum computation with addressable optical lattices},
  journal={Phys. Rev. A},
  volume={77},
  pages={052309},
  year={2008}
}

@Book{Duncan1971,
author={A. B. F. Duncan},
title= {{R}ydberg series in atoms and molecules},
publisher={Academic Press},
address={New York},
year={1971}
}

@Book{Connerade1997,
author={Jean-Patrick Connerade},
title= {Highly-excited atoms},
publisher={Cambridge University Press},
address={Cambridge},
year={1998}
}

@article{Brion2006,
author={E. Brion and D. Comparat and G. Harel},
title= {Implementation of a CNOT gate in two cold {R}ydberg atoms by the nonholonomic control technique},
journal={Eur. Phys. J. D},
volume={38},
pages={381-387},
year={2006}
}

@article{Remacle2001,
author = {Remacle,  F. and  Schlag,  E. W. and  Selzle,  H. and Kompa,  K. L. and Even,  U. and Levine, R. D.},
title = {Logic gates using high {R}ydberg states},
year = {2001},
journal = {PNAS},
volume = {98},
pages = {2973}
}

@article{Ahn2000,
author = {J. Ahn and T. C. Weinacht and P. H. Bucksbaum},
title = {Information Storage and
Retrieval Through Quantum
Phase},
year = {2000},
journal = {Science},
volume = {287},
pages = {463}
}

@article{Hogan2008,
author = {S. D. Hogan and F. Merkt},
title = {Demonstration of Three-Dimensional Electrostatic Trapping of State-Selected {R}ydberg Atoms},
year = {2008},
journal = {Phys. Rev. Lett.},
volume = {100},
pages = {043001}
}

@Article{Lesanovsky2005,
  title = {Magnetic Trapping of Ultracold {R}ydberg Atoms},
  author = {Lesanovsky, Igor  and Schmelcher, Peter },
  journal = {Phys. Rev. Lett.},
  volume = {95},
  pages = {053001},
  year = {2005}
}

@Article{Hezel2007,
  title = {Ultracold {R}ydberg Atoms in a Ioffe-Pritchard Trap},
  author = {B. Hezel and I. Lesanovsky and P. Schmelcher},
  journal = {Phys. Rev. A},
  volume = {76},
  pages = {053417},
  year = {2007}
}

@Article{Schmidt2007,
  title = {Ultracold {R}ydberg atoms in a magneto-electric trap},
  author = {Ulrich Schmidt and Igor Lesanovsky and Peter Schmelcher},
  journal = {J. Phys. B: At. Mol. Opt. Phys.},
  volume = {40},
  pages = {1003},
  year = {2007}
}

@Article{Thoumany2009,
  title = {Optical spectroscopy of {R}ubidium {R}ydberg atoms
with a 297 nm frequency-doubled dye laser},
  author = {P. Thoumany and T. H\"ansch and G. Stania and L. Urbonas and Th. Becker},
  journal = {Opt. Lett.},
  volume = {34},
  pages = {1621},
  year = {2009}
}

@Article{Thoumany2009b,
  title = {Spectroscopy of {R}ubidium {R}ydberg states with three diode lasers},
  author = {P. Thoumany and Th. Germann and T. H\"ansch and G. Stania and L. Urbonas and Th. Becker},
  journal = {J. Mod. Opt.},
  volume = {56},
  pages = {2055},
  year = {2009}
}


@article{Vuletic2006,
	Author = {Vuletic, V.},
	Journal = {Nat. Phys.},
	Pages = {801},
	Title = {Quantum networks: When superatoms talk photons},
	Volume = {2},
	Year = {2006}
}

@Article{Varada1992,
  title = {Two-photon resonance induced by the dipole-dipole interaction},
  author = {Varada, G. V. and Agarwal, G. S.},
  journal = {Phys. Rev. A},
  volume = {45},
  number = {9},
  pages = {6721--6729},
  numpages = {8},
  year = {1992}
}


@article{Mayle2009,
author = {M. Mayle and I. Lesanovsky and P. Schmelcher},
title = {Exploiting the composite character of {R}ydberg atoms for cold-atom trapping},
year = {2009},
journal = {Phys. Rev. A},
volume = {79},
pages = {041403(R)}
}

@article{Mayle2009b,
author = {Michael Mayle and Igor Lesanovsky and Peter Schmelcher},
title = {Magnetic trapping of ultracold {R}ydberg atoms in low angular momentum states},
year = {2009},
journal = {Phys. Rev. A},
volume={80},
pages={053410}
}

@article{Kaulakys1995,
author = {B. Kaulakys},
title = {Consistent analytical approach for the quasi-classical
radial dipole matrix elements},
year = {1995},
journal = {J . Phys. B: At. Mol. Opt. Phys.},
volume = {28},
pages = {4963}
}



@Article{Marinescu1994,
  title = {Dispersion coefficients for alkali-metal dimers},
  author = {Marinescu, M.  and Sadeghpour, H. R. and Dalgarno, A. },
  journal = {Phys. Rev. A},
  volume = {49},
  pages = {982},
  year = {1994}
}



@article{Lee1978,
author = {S. A. Lee and J. Helmcke and J. L. Hall and B. P. Stoicheff},
title = {Doppler-free two-photon transitions to {R}ydberg levels:
convenient, useful, and precise reference wavelengths
for dye lasers},
year = {1978},
journal = {Opt. Lett.},
volume = {3},
pages = {141}
}

@article{Reynaud1982,
author = {S. Reynaud and M. Himbert and J. Dalibard and J. Dupont-Roc and C. Cohen-Tannoudji},
title = {Compensation of Doppler bradening by light shifts in two photon absorption},
year = {1982},
journal = {Opt. Commun.},
volume = {42},
pages = {39}
}

@Article{Neukammer1987,
  title = {Spectroscopy of {R}ydberg Atoms at $n\approx{}500$: Observation of Quasi-Landau Resonances in Low Magnetic Fields},
  author = {Neukammer, J.  and Rinneberg, H.  and Vietzke, K.  and K\"onig, A.  and Hieronymus, H.  and Kohl, M.  and Grabka, H. -J. and Wunner, G. },
  journal = {Phys. Rev. Lett.},
  volume = {59},
  pages = {2947},
  numpages = {3},
  year = {1987}
}

@Article{Osterwalder1999,
  title = {Using High {R}ydberg States as Electric Field Sensors},
  author = {Osterwalder, A.  and Merkt, F. },
  journal = {Phys. Rev. Lett.},
  volume = {82},
  pages = {1831},
  year = {1999}
}


@article{Killian2001,
	Author = {Killian, T. C. and Lim, M. J. and Kulin, S. and Dumke, R. and Bergeson, S. D. and Rolston, S. L.},
	Journal = {Phys. Rev. Lett.},
	Pages = {3759--3762},
	Title = {Formation of {R}ydberg atoms in an expanding ultracold neutral plasma},
	Volume = {86},
	Year = {2001}
}



@article{Nascimento2009,
author = {V. A. Nascimento and L. L. Caliri and A. Schwettmann and J. P. Shaffer and L. G. Marcassa},
title = {Electric field effects in the excitation of cold {R}ydberg-atom pairs},
publisher = {APS},
year = {2009},
journal = {Phy. Rev. Lett.},
volume = {102},
pages = {213201}
}




@article{Flannery2005,
	Author = {M. R. Flannery and D. Vrinceanu and V. N. Ostrovsky},
	Journal = {J. Phys. B: At. Mol. Opt. Phys.},
volume={38},
pages={S279},
	Title = {Long-range interaction between polar {R}ydberg atoms},
	Year = {2005}
}


@article{Hugon1983,
author = {M. Hugon and F. Gounand and P. R. Fournier and J. Berlande},
title = {
Inelastic collisions between high {R}ydberg (n - 40) and
ground-state {R}ubidium atoms at thermal energies},
year = {1983},
journal = {J. Phys. B: At. Mol. Opt. Phys.},
volume = {16},
pages = {2531}
}

@article{Zhao2009,
author = {Jianming Zhao and Xingbo Zhu and Linjie Zhang and Zhigang Feng and Changyong Li and Suotang
Jia},
title = {High sensitivity spectroscopy of cesium {R}ydberg
atoms using electromagnetically induced
transparency},
year = {2009},
journal = {Opt. Express},
volume = {17},
pages = {15821}
}

@article{Gillet2010,
	Author = {J. Gillet and G. S. Agarwal and T. Bastin},
	Journal = {Phys. Rev. A},
	Title = {Tunable entanglement, antibunching and saturation effects in dipole blockade},
	volume={81},
	pages={013837},
	Year = {2010}
}

@article{Zuo2009,
Author = {Zhanchun Zuo and Miho Fukusen and Yoshihito Tamaki and Tomoki
Watanabe and Yusuke Nakagawa and Ken'ichi Nakagawa},
Journal = {Opt. Express},
volume={17},
pages={22898},
Title = {Single atom {R}ydberg excitation in a small dipole trap},
Year = {2009}
}


@article{Walther2006,
author = {Herbert Walther and Benjamin T. H. Varcoe and  Berthold-Georg Englert and Thomas Becker},
title = {Cavity quantum electrodynamics},
year = {2006},
journal = {Rep. Prog. Phys.},
volume = {69},
pages = {1325}
}




@Article{Qian2009,
  title = {Breakdown of the dipole blockade with a zero-area phase-jump pulse},
  author = {Jun Qian and Yong Qian and  Min Ke and  Xun-Li Feng and  C. H. Oh and  Yuzhu Wang},
  journal = {Phys. Rev. A},
  volume = {80},
  pages = {053413},
  year = {2009}
}

@Article{Mei2009,
  title = {Scalable quantum information processing with atomic ensembles and flying photons},
  author = {Mei, Feng  and Feng, Mang  and Yu, Ya-Fei  and Zhang, Zhi-Ming },
  journal = {Phys. Rev. A},
  volume = {80},
  pages = {042319},
  year = {2009}
}


@article{Honer2010,
  title = {Collective Many-Body Interaction in {R}ydberg Dressed Atoms},
  author = {Honer, J. and Weimer, H. and Pfau, T. and B\"uchler, H. P.},
  journal = {Phys. Rev. Lett.},
  volume = {105},
  issue = {16},
  pages = {160404},
  year = {2010}
}



@article{Henkel2010,
  author={N. Henkel and R. Nath and T. Pohl},
  title={Three-Dimensional Roton Excitations and Supersolid Formation
in {R}ydberg-Excited {B}ose-{E}instein Condensates},
year={2010},
journal={Phys. Rev. Lett.},
volume={104},
pages={195302}
}


@article{Han2010,
  author={Yang Han and Bing He and Khabat Heshami and Cheng-Zu Li and Christoph Simon 
},
  title={Quantum repeaters based on {R}ydberg-blockade coupled atomic ensembles},
year={2010},
journal={Phys. Rev. A},
volume={81},
pages={052311}
}

@article{Johnson2010,
  title = {Interactions between {R}ydberg-dressed atoms},
  author = {Johnson, J. E. and Rolston, S. L.},
  journal = {Phys. Rev. A},
  volume = {82},
  pages = {033412},
  numpages = {5},
  year = {2010}
  }



@article{Wu2010,
  journal = {Phys. Rev. A},
  author = {Wu, H.-Z. and Yang, Z.-B. and Zheng, S.-B.},
  title = {Implementation of a multiqubit quantum phase gate in a neutral atomic ensemble via the asymmetric {R}ydberg blockade},
  year = {2010},
  pages = {034307},
  volume = {82}
}

@article{AChen2011, 
author = {Aixi Chen}, 
journal = {Opt. Express},  
pages = {2037--2045}, 
title = {Implementation of {D}eutsch-{J}ozsa algorithm and determination of value of function via {R}ydberg blockade}, 
volume = {19},
year = {2011}
}


@article{Muller2011,
  author={M. M. M\"uller and  H. R. Haakh and 
T. Calarco and C. P. Koch and 
C. Henkel},
  title={Prospects for fast {R}ydberg gates on an atom chip},
year={2011},
journal={Quant. Inf. Proc.},
volume={10},
pages={771}
}


@article{Lee2011,
  author={T. E. Lee and  H. H\"affner and M. C. Cross},
  title={Antiferromagnetic phase transition in a nonequilibrium lattice of {R}ydberg atoms},
year={2011},
journal={Phys. Rev. A},
volume={84},
pages={031402(R)}
}


@article{Weimer2010b,
  title = {Two-Stage Melting in Systems of Strongly Interacting {R}ydberg Atoms},
  author = {Weimer, H. and B\"uchler, H. P.},
  journal = {Phys. Rev. Lett.},
  volume = {105},
  pages = {230403},
  year = {2010}
}

@article{Sela2011,
  title = {Dislocation-mediated melting of one-dimensional 
{R}ydberg crystals},
  author = {Sela, Eran and Punk, Matthias and Garst, Markus},
  journal = {Phys. Rev. B},
  volume = {84},
  pages = {085434},
  year = {2011}
}

@article{Lesanovsky2011,
  title = {Many-Body Spin Interactions and the Ground State of a Dense {R}ydberg Lattice Gas},
  author = {Lesanovsky, Igor},
  journal = {Phys. Rev. Lett.},
  volume = {106},
  pages = {025301},
  year = {2011}
}

@article{Ji2011,
  title = {Two-dimensional {R}ydberg Gases and the Quantum Hard-Squares Model},
  author = {Ji, S. and Ates, C. and Lesanovsky, I.},
  journal = {Phys. Rev. Lett.},
  volume = {107},
  pages = {060406},
  year = {2011}
}

@article{Zeller2012,
  title = {Spectra and ground states of one- and two-dimensional laser-driven lattices of ultracold {R}ydberg atoms},
  author = {Zeller, Wolfgang and Mayle, Michael and Bonato, Thorsten and Reinelt, Gerhard and Schmelcher, Peter},
  journal = {Phys. Rev. A},
  volume = {85},
  pages = {063603},
  year = {2012}
}




@article{Hogan2012,
  title = {Driving {R}ydberg-{R}ydberg Transitions from a Coplanar Microwave Waveguide},
  author = {Hogan, S. D. and Agner, J. A. and Merkt, F. and Thiele, T. and Filipp, S. and Wallraff, A.},
  journal = {Phys. Rev. Lett.},
  volume = {108},
  pages = {063004},
  year = {2012}
}

@article{Keating2013,
  title = {Adiabatic quantum computation with {R}ydberg-dressed atoms},
  author = {T. Keating and K. Goyal and Y.-Y. Jau and G. W. Biedermann and A. J. Landahl and I. H. Deutsch},
  journal = {Phys. Rev. A},
  volume = {87},
  pages = {052314},
  year = {2013}
}








@article{Schauss2012,
  title = {Observation of spatially ordered structures in a two-dimensional {R}ydberg gas},
  author = {P. Schauss and  M. Cheneau and M. Endres and  T. Fukuhara and  S. Hild and  A. Omran and  T. Pohl and  C. Gross and  S. Kuhr and  I. Bloch 
},
  journal = {Nature},
  volume = {491},
  pages = {87},
  year = {2012}
}





@article{Delande1988,
  title = {A new method for producing circular {R}ydberg states},
  author = {D. Delande and J. C. Gay},
  journal = {Europhys. Lett. },
  volume = {5},
  pages = {303},
  year = {1988}
}

@article{Molander1986,
  title = {A new method for producing circular {R}ydberg states},
  author = {W. A. Molander and C. R. Stroud, Jr. and J. A. Yeazell},
  journal = {J. Phys. B: At. Mol. Phys. },
  volume = {19},
  pages = {L461},
  year = {1986}
}

@article{Hulet1983,
  title = {Rydberg atoms in ``Circular" states},
  author = {R. G. Hulet and D. Kleppner},
  journal = {Phys. Rev. Lett.},
  volume = {51},
  pages = {1430},
  year = {1983}
}


@article{Hare1988,
  title = {Circular Atoms Prepared by a New Method of Crossed Electric and Magnetic Fields},
  author = {Hare, J. and Gross, M. and Goy, P.},
  journal = {Phys. Rev. Lett.},
  volume = {61},
  pages = {1938--1941},
  year = {1988}
}


@article{Lutwak1997,
  title = {Circular states of atomic hydrogen},
  author = {Lutwak, R. and Holley, J. and Chang, P. P. and Paine, S. and Kleppner, D. and Ducas, T.},
  journal = {Phys. Rev. A},
  volume = {56},
  pages = {1443--1452},
  year = {1997}
}

@article{Morrison2012,
  title = {Possibility of magic trapping of a three-level system for {R}ydberg blockade implementation},
  author = {Morrison, M. J. and Derevianko, A.},
  journal = {Phys. Rev. A},
  volume = {85},
  pages = {033414},
  year = {2012}
}

@article{Bariani2012,
  title = {Retrieval of multiple spin waves from a weakly excited, metastable atomic ensemble},
  author = {Bariani, F. and Kennedy, T. A. B.},
  journal = {Phys. Rev. A},
  volume = {85},
  pages = {033811},
  year = {2012}
}

@article{Bienaime2012,
  title = {Controlled {D}icke Subradiance from a Large Cloud of Two-Level Systems},
  author = {Bienaim\'e, Tom and Piovella, Nicola and Kaiser, Robin},
  journal = {Phys. Rev. Lett.},
  volume = {108},
  pages = {123602},
  year = {2012}}

@article{Svidzinsky2010,
  title = {Cooperative spontaneous emission of $N$ atoms: Many-body eigenstates, the effect of virtual {L}amb shift processes, and analogy with radiation of $N$ classical oscillators},
  author = {Svidzinsky, Anatoly A. and Chang, Jun-Tao and Scully, Marlan O.},
  journal = {Phys. Rev. A},
  volume = {81},
  pages = {053821},
  year = {2010}}

@article{LiEvers2012,
  title = {Collective spontaneous emission beyond the rotating-wave approximation},
  author = {Li, Yong and Evers, J\"org and Zheng, Hang and Zhu, Shi-Yao},
  journal = {Phys. Rev. A},
  volume = {85},
  pages = {053830},
  year = {2012}
}

@article{Berman2011,
  title = {Phase-matched emission from an optically thin medium following one-photon pulse excitation: Energy considerations},
  author = {Berman, P. R. and Le Gou\"et, J.-L.},
  journal = {Phys. Rev. A},
  volume = {83},
  pages = {035804},
  year = {2011}
}

@article{Flannery2005,
  title = {Long-range interaction between polar {R}ydberg atoms},
  author = {M. R. Flannery and D. Vrinceanu and V. N. Ostrovsky},
  journal = {J. Phys. B: At. Mol. Opt. Phys.},
  volume = {38},
  pages = {S279},
  year = {2005}
}

@article{Dudin2010a,
author={Y. O. Dudin and  A. G. Radnaev and  R. Zhao and  J. Z. Blumoff and  T. A. B. Kennedy and A. Kuzmich}, 
title={Entanglement of light-shift compensated atomic spin waves with telecom light},
journal={Phys. Rev. Lett.},
volume={105},
pages={260502},
year={2010}}

@article{Dudin2010b,
author={Y. O. Dudin and  R. Zhao and  T. A. B. Kennedy and A. Kuzmich}, 
title={Light storage in a magnetically-dressed optical lattice},
journal={Phys. Rev. A},
volume={81},
pages={041805},
year={2010}}

@article{Ates2012,
  title = {Entropic enhancement of spatial correlations in a laser-driven {R}ydberg gas},
  author = {Ates, C. and Lesanovsky, I.},
  journal = {Phys. Rev. A},
  volume = {86},
  pages = {013408},
  year = {2012}}


@article{Goerz2014,
  title = {Robustness of high-fidelity {R}ydberg gates with single-site addressability},
  author = {Goerz, M. H. and Halperin, E. J. and Aytac, J. M. and Koch, C. P. and Whaley, K. B.},
  journal = {Phys. Rev. A},
  volume = {90},
  pages = {032329},
  year = {2014}}

@article{Muller2014,
  title = {Implementation of an experimentally feasible controlled-phase gate
on two blockaded {R}ydberg atoms},
  author = {M. M. M\"uller and  M. Murphy and  S. Montangero and T. Calarco and P. Grangier and A. Browaeys},
  journal = {Phys. Rev. A},
  volume = {89},
  pages = {032334},
  year = {2014}}

@article{Gorniaczyk2014,
  title = {Single-Photon Transistor Mediated by Interstate {R}ydberg Interactions},
  author = {Gorniaczyk, H. and Tresp, C. and Schmidt, J. and Fedder, H. and Hofferberth, S.},
  journal = {Phys. Rev. Lett.},
  volume = {113},
  pages = {053601},
  year = {2014}}


@article{Jau2016,
  title = {Entangling Atomic Spins with a {R}ydberg-dressed spin-flip blockade},
  author = {Y.-Y. Jau and A. M. Hankin and T. Keating and I. H. Deutsch and G. W. Biedermann},
  journal = {Nat. Phys.},
  volume = {12},
  pages = {71},
  year = {2016}
}

  	
@article{Manthey2014,
  author={T Manthey and T M Weber and T Niederpr\"um and P Langer and V Guarrera and G Barontini and H Ott},
  title={Scanning electron microscopy of {R}ydberg-excited {B}ose-{E}instein condensates},
  journal={New J. Phys.},
  volume={16},
  pages={083034},
  year={2014},
}


@article{Weber2015,
  author={T. M. Weber and M. H\"oning and T Niederpr\"um and T. Manthey and O. Thomas and  V Guarrera and M. Fleischhauer and G Barontini and H Ott},
  title={Mesoscopic {R}ydberg-blockaded ensembles in the superatom regime and beyond},
  journal={Nat. Phys.},
  volume={11},
  pages={157},
  year={2015},
}



@article{Hankin2014,
  title = {Two-atom {R}ydberg blockade using direct 6$S$ to $nP$ excitation},
  author = {Hankin, A. M. and Jau, Y.-Y. and Parazzoli, L. P. and Chou, C. W. and Armstrong, D. J. and Landahl, A. J. and Biedermann, G. W.},
  journal = {Phys. Rev. A},
  volume = {89},
  pages = {033416},
  year = {2014}}

@article{Sassmannshausen2013,
  title = {High-resolution spectroscopy of {R}ydberg states in an ultracold cesium gas},
  author = {Sa\ss{}mannshausen, H. and Merkt, F. and Deiglmayr, J.},
  journal = {Phys. Rev. A},
  volume = {87},
  pages = {032519},
  year = {2013}}	

@article{He2014,
  title = {Two-Photon Dynamics in Coherent {R}ydberg Atomic Ensemble},
  author = {He, Bing and Sharypov, A. V. and Sheng, Jiteng and Simon, Christoph and Xiao, Min},
  journal = {Phys. Rev. Lett.},
  volume = {112},
  pages = {133606},
  year = {2014}
}

@article{Khazali2015,
  title = {Photon-photon gate via the interaction between two collective {R}ydberg excitations},
  author = {Khazali, Mohammadsadegh and Heshami, Khabat and Simon, Christoph},
  journal = {Phys. Rev. A},
  volume = {91},
  pages = {030301},
  numpages = {5},
  year = {2015}}

@article{Keating2015,
  title = {Robust quantum logic in neutral atoms via adiabatic {R}ydberg dressing},
  author = {Keating, T. and Cook, R. L. and Hankin, A. M. and Jau, Y.-Y. and Biedermann, G. W. and Deutsch, I. H.},
  journal = {Phys. Rev. A},
  volume = {91},
  pages = {012337},
  year = {2015}}


@article{Lorenzen1984,
  title = {Precise quantum defects of $nS, nP$ and $nD$ levels in {C}s {I}},
  author = {C.-J. Lorenzen and K. Niemax},
  journal = {Z. Phys. A},
  volume = {315},
  pages = {127},
  year = {1984}}

@article{Weber1987,
  title = {Accurate energies of $nS, nP, nD, nF$, and $nG$ levels of neutral cesium},
  author = {K.-H. Weber and C. J. Sansonetti},
  journal = {Phys. Rev. A},
  volume = {35},
  pages = {4650},
  year = {1987}}

@article{Mack2011,
  title = {Measurement of absolute transition frequencies of $^{87}\mathrm{Rb}$ to $\mathit{nS}$ and $\mathit{nD}$ {R}ydberg states by means of electromagnetically induced transparency},
  author = {Mack, M. and Karlewski, F. and Hattermann, H. and H\"ockh, S. and Jessen, F. and Cano, D. and Fort\'agh, J.},
  journal = {Phys. Rev. A},
  volume = {83},
  pages = {052515},
  year = {2011}
}




@article{Cano2012,
  title = {Nonadditive potentials between three {R}ydberg atoms},
  author = {Cano, Daniel and Fort\'agh, J\'ozsef},
  journal = {Phys. Rev. A},
  volume = {86},
  pages = {043422},
  numpages = {6},
  year = {2012}}

@article{Zimmerman1979,
  title = {{S}tark structure of the {R}ydberg states of alkali-metal atoms},
  author = {Zimmerman, M. L. and Littman, M. G. and Kash, M. M. and Kleppner, D.},
  journal = {Phys. Rev. A},
  volume = {20},
  pages = {2251--2275},
  year = {1979}}


@article{Bachor2016,
  title = {Addressing single trapped ions for {R}ydberg quantum logic},
  author = {P. Bachor and  T. Feldker and  J. Walz and F. Schmidt-Kaler},
  journal = {J. Phys. B: At. Mol. Opt. Phys.},
  volume = {49},
  pages = {154004},
  year = {2016}}


  	
@article{vanBijnen2015,
  author={R. M. W. van Bijnen and C. Ravensbergen and D. J. Bakker and G. J. Dijk and S. J. J. M. F. Kokkelmans and E. J. D. Vredenbregt},
  title={Patterned {R}ydberg excitation and ionization with a spatial light modulator},
  journal={New J. Phys.},
  volume={17},
  pages={023045},
  year={2015}
}
	

@article{Han2016,
  author={R. Han and H. K. Ng and B.-G. Englert},
  title={Implementing a neutral-atom controlled-phase gate with a single {R}ydberg pulse},
  journal={Europhys. Lett.},
  volume={113},
  pages={40001},
  year={2016}}
	

@article{Su2018,
  title = {One-step construction of the multiple-qubit {R}ydberg controlled-{PHASE} gate},
  author = {Su, S.L. and Shen, H.Z. and Erjun, L.  and Shou, Z. },
  journal = {Phys. Rev. A},
  volume = {98},
  pages = {032306},
  year = {2018}}


@article{Su2016,
  title = {One-step implementation of the {R}ydberg-{R}ydberg-interaction gate},
  author = {Su, S.-L. and Liang, E. and Zhang, S. and Wen, J.-J. and Sun, L.-L. and Jin, Z. and Zhu, A.-D.},
  journal = {Phys. Rev. A},
  volume = {93},
  pages = {012306},
  year = {2016}}

@article{Su2015,
  title = {Simplified scheme for entanglement preparation with {R}ydberg pumping via dissipation},
  author = {Su, S.-L. and Guo, Q. and Wang, H.-F. and Zhang, S.},
  journal = {Phys. Rev. A},
  volume = {92},
  pages = {022328},  year = {2015}}

@article{Shao2014,
  title = {Stationary three-dimensional entanglement via dissipative {R}ydberg pumping},
  author = {Shao, X.-Q. and You, J.-B. and Zheng, T.-Y. and Oh, C. H. and Zhang, S.},
  journal = {Phys. Rev. A},
  volume = {89},
  pages = {052313},
  year = {2014}}

@article{Otterbach2014,
  title = {Dissipative Preparation of Spatial Order in {R}ydberg-Dressed {B}ose-{E}instein Condensates},
  author = {Otterbach, J. and Lemeshko, M.},
  journal = {Phys. Rev. Lett.},
  volume = {113},
  pages = {070401},
  year = {2014}}

@article{Weimer2015,
  title = {Variational Principle for Steady States of Dissipative Quantum Many-Body Systems},
  author = {Weimer, H.},
  journal = {Phys. Rev. Lett.},
  volume = {114},
  pages = {040402},
  year = {2015}}

@article{Weimer2015b,
  title = {Variational analysis of driven-dissipative {R}ydberg gases},
  author = {Weimer, H.},
  journal = {Phys. Rev. A},
  volume = {91},
  pages = {063401},
  year = {2015}}

@article{Schonleber2014,
  title = {Coherent versus incoherent excitation dynamics in dissipative many-body {R}ydberg systems},
  author = {Sch\"onleber, D. W. and G\"arttner, M. and Evers, J.},
  journal = {Phys. Rev. A},
  volume = {89},
  pages = {033421},  year = {2014}}

@article{Hoening2014,
  title = {Antiferromagnetic long-range order in dissipative 
{R}ydberg lattices},
  author = {Hoening, M. and Abdussalam, W. and Fleischhauer, M. and Pohl, T.},
  journal = {Phys. Rev. A},
  volume = {90},
  pages = {021603},
  year = {2014}}


@article{Barredo2014,
  title = {Demonstration of a Strong {R}ydberg Blockade in Three-Atom Systems with Anisotropic Interactions},
  author = {Barredo, D. and Ravets, S. and Labuhn, H. and B\'eguin, L. and Vernier, A. and Nogrette, F. and Lahaye, T. and Browaeys, A.},
  journal = {Phys. Rev. Lett.},
  volume = {112},
  pages = {183002},
  year = {2014}}



@article{vanBijnen2015b,
  title = {Quantum Magnetism and Topological Ordering via {R}ydberg Dressing near {F}\"orster Resonances},
  author = {van Bijnen, R. M. W. and Pohl, T.},
  journal = {Phys. Rev. Lett.},
  volume = {114},  pages = {243002},
  year = {2015}}

@article{Shi2014,
  title = {Entanglement of neutral-atom chains by spin-exchange 
{R}ydberg interaction},
  author = {Shi, X.-F. and Bariani, F. and Kennedy, T. A. B.},
  journal = {Phys. Rev. A},
  volume = {90},
  pages = {062327},  year = {2014}}

@article{Tian2015,
  title = {Population transfer and quantum entanglement implemented in cold atoms involving two {R}ydberg states via an adiabatic passage},
  author = {Tian, X.-D. and Liu, Y.-M. and Cui, C.-L. and Wu, J.-H.},
  journal = {Phys. Rev. A},
  volume = {92},
  pages = {063411},
  year = {2015}}


@article{Muller2016,
  title = {Optimal control for {R}ydberg quantum technology building blocks},
  author = {M. M. M\"uller T. Pichler and  S. Montangero and T. Calarco},
  journal = {Appl. Phys. B},
  volume = {122},
  pages = {104},
  year = {2016}}

@article{Lee2015,
  author={S. K. Lee and J. Cho and K. S. Choi},
  title={Emergence of stationary many-body entanglement in driven-dissipative {R}ydberg lattice gases},
  journal={New J. Phys.},
  volume={17},
  pages={113053},
  year={2015}}


@article{Hu2013,
  title = {Spatial correlations of one-dimensional driven-dissipative systems of {R}ydberg atoms},
  author = {Hu, A. and Lee, T. E. and Clark, C. W.},
  journal = {Phys. Rev. A},
  volume = {88},
  pages = {053627},
  year = {2013}}

@article{Ray2016,
  title = {Phases, collective modes, and nonequilibrium dynamics of dissipative {R}ydberg atoms},
  author = {Ray, S. and Sinha, S. and Sengupta, K.},
  journal = {Phys. Rev. A},
  volume = {93},
  pages = {033627},
  year = {2016}}

@article{Cano2014,
  title = {Multiatom entanglement in cold {R}ydberg mixtures},
  author = {Cano, D. and Fort\'agh, J.},
  journal = {Phys. Rev. A},
  volume = {89},
  pages = {043413},
  year = {2014}}

@article{Morigi2015,
  title = {Dissipative Quantum Control of a Spin Chain},
  author = {Morigi, G. and Eschner, J. and Cormick, C. and Lin, Y. and Leibfried, D. and Wineland, D. J.},
  journal = {Phys. Rev. Lett.},
  volume = {115},
  pages = {200502},
  year = {2015}}

@article{Malossi2014,
  title = {Full Counting Statistics and Phase Diagram of a Dissipative {R}ydberg Gas},
  author = {Malossi, N. and Valado, M. M. and Scotto, S. and Huillery, P. and Pillet, P. and Ciampini, D. and Arimondo, E. and Morsch, O.},
  journal = {Phys. Rev. Lett.},
  volume = {113},
  pages = {023006},
  year = {2014}}

@article{Kuznetsova2012,
  title = {Cluster-state generation using van der {W}aals and dipole-dipole interactions in optical lattices},
  author = {Kuznetsova, E. and Bragdon, T. and C\^ot\'e, R. and Yelin, S. F.},
  journal = {Phys. Rev. A},
  volume = {85},
  pages = {012328},
  year = {2012}}

@article{Topcu2013,
  title = {Intensity landscape and the possibility of magic trapping of alkali-metal {R}ydberg atoms in infrared optical lattices},
  author = {Topcu, T. and Derevianko, A.},
  journal = {Phys. Rev. A},
  volume = {88},
  pages = {043407},
  year = {2013}}

@article{Topcu2013b,
  title = {Dynamic polarizability of {R}ydberg atoms: Applicability of the near-free-electron approximation, gauge invariance, and the {D}irac sea},
  author = {Topcu, T. and Derevianko, A.},
  journal = {Phys. Rev. A},
  volume = {88},
  pages = {042510},
  year = {2013}}


@article{Topcu2014,
  title = {Divalent {R}ydberg atoms in optical lattices: Intensity landscape and magic trapping},
  author = {Topcu, T. and Derevianko, A.},
  journal = {Phys. Rev. A},
  volume = {89},
  pages = {023411},
  year = {2014}}

@article{Marcassa2014,
  title = {Interactions in Ultracold {R}ydberg
Gases},
  author = {L. G. Marcassa and J. P. Shaffer},
  journal = {Adv. At. Mol. Opt. Phys.},
  volume = {63},
  pages = {47},
  year = {2014}}



	
@article{Carter2012,
  title = {Electric-field sensing near the surface microstructure of an atom chip using cold {R}ydberg atoms},
  author = {Carter, J. D. and Cherry, O. and Martin, J. D. D.},
  journal = {Phys. Rev. A},
  volume = {86},
  pages = {053401},
  year = {2012}}

@article{Hattermann2012,
  title = {Detrimental adsorbate fields in experiments with cold {R}ydberg gases near surfaces},
  author = {Hattermann, H. and Mack, M. and Karlewski, F. and Jessen, F. and Cano, D. and Fort\'agh, J.},
  journal = {Phys. Rev. A},
  volume = {86},
  pages = {022511},
  year = {2012}}

@Article{Hofmann2014,
author="Hofmann, C. S.
and G{\"u}nter, G.
and Schempp, H.
and M{\"u}ller, N. L. M.
and Faber, A.
and Busche, H.
and Robert-de-Saint-Vincent, M.
and Whitlock, S.
and Weidem{\"u}ller, M.",
title="An experimental approach for investigating many-body phenomena in {R}ydberg-interacting quantum systems",
journal="Front.  Phys.",
year="2014",
volume="9",
pages="571--586" 
}



@article {Schauss2015,
	author = {Schau{\ss}, P. and Zeiher, J. and Fukuhara, T. and Hild, S. and Cheneau, M. and Macr{\`\i}, T. and Pohl, T. and Bloch, I. and Gross, C.},
	title = {Crystallization in {I}sing quantum magnets},
	volume = {347},
	pages = {1455},
	year = {2015},
journal={Science}}

@article{DeSalvo2016,
  title = {{R}ydberg-blockade effects in {A}utler-{T}ownes spectra of ultracold strontium},
  author = {DeSalvo, B. J. and Aman, J. A. and Gaul, C. and Pohl, T. and Yoshida, S. and Burgd\"orfer, J. and Hazzard, K. R. A. and Dunning, F. B. and Killian, T. C.},
  journal = {Phys. Rev. A},
  volume = {93},
  pages = {022709},
  year = {2016}}
}

@article{Millen2010,
  title = {Two-Electron Excitation of an Interacting Cold {R}ydberg Gas},
  author = {Millen, J. and Lochead, G. and Jones, M. P. A.},
  journal = {Phys. Rev. Lett.},
  volume = {105},
  pages = {213004},
  year = {2010}}


  	
@article{Dunning2016,
  author={F. B. Dunning and T. C. Killian and S. Yoshida and J. Burgd\"orfer},
  title={Recent advances in {R}ydberg physics using alkaline-earth atoms},
  journal={J. Phys. B: At. Mol. Opt. Phys.},
  volume={49},
  pages={112003},
  year={2016}}

@article{Naber2016,
  title = {Adsorbate dynamics on a silica-coated gold surface
measured by {R}ydberg {S}tark spectroscopy},
  author = {J. Naber and S. Machluf and  L. Torralbo-Campo and  M. L. Soudijn and 
N. J. van Druten and  H. B. van Linden van den Heuvell and
R. J. C. Spreeuw},
  journal = {J. Phys. B: At. Mol. Opt. Phys.},
  volume = {49},
  pages = {094005},
  year = {2016}}




@article{Secker2016,
  title = {Controlled long-range interactions between {R}ydberg atoms and ions},
  author = {T. Secker and  R. Gerritsma and  A. W. Glaetzle and A. Negretti},
  journal = {arXiv:1602.04606},
  volume = {},
  pages = {},
  year = {2016}}

@article{Lan2015,
  title = {Emergent Devil's Staircase without Particle-Hole Symmetry in {R}ydberg Quantum Gases with 
Competing Attractive and Repulsive Interactions},
  author = {Lan, Z. and Min\'a\ifmmode \check{r}\else \v{r}\fi{}, J. and Levi, E. and Li, W. and Lesanovsky, I.},
  journal = {Phys. Rev. Lett.},
  volume = {115},
  pages = {203001},
  year = {2015}
}


  @article{Levi2015,

  author={E. Levi and J. Min\'a\v{r} and J. P. Garrahan and I. Lesanovsky},

  title={Crystalline structures and frustration in a two-component {R}ydberg gas},
  
journal={New J.  Phys.},
  
volume={17},
  pages={123017},
  
  year={2015}
}
	

@article{Henkel2012,
  title = {Supersolid Vortex Crystals in {R}ydberg-Dressed {B}ose-{E}instein Condensates},
  author = {Henkel, N. and Cinti, F. and Jain, P. and Pupillo, G. and Pohl, T.},
  journal = {Phys. Rev. Lett.},
  volume = {108},
  pages = {265301},
  year = {2012}
}

@article{Mattioli2013,
  title = {Cluster Luttinger Liquids of {R}ydberg-Dressed Atoms in Optical Lattices},
  author = {Mattioli, M. and Dalmonte, M. and Lechner, W. and Pupillo, G.},
  journal = {Phys. Rev. Lett.},
  volume = {111},
  pages = {165302},
  year = {2013}
}

@article{Macri2014,
  title = {Rydberg dressing of atoms in optical lattices},
  author = {Macr\`{\i}, T. and Pohl, T.},
  journal = {Phys. Rev. A},
  volume = {89},
  pages = {011402},
  year = {2014}
}



@article{Balewski2014,

  author={J. B. Balewski and A. T. Krupp and A. Gaj and 
S. Hofferberth and R. L\"ow and T. Pfau},

  title={Rydberg dressing: understanding of collective many-body effects and implications for experiments},

  journal={New J. Phys.},
  volume={16},


  pages={063012},

  year={2014},}

@article{Grusdt2013,
  title = {Fractional quantum {H}all physics with ultracold {R}ydberg gases in artificial gauge fields},
  author = {Grusdt, F. and Fleischhauer, M.},
  journal = {Phys. Rev. A},
  volume = {87},
  pages = {043628},
  year = {2013}
}

@article{Cesa2013,
  title = {Artificial {A}belian gauge potentials induced by dipole-dipole interactions between {R}ydberg atoms},
  author = {Cesa, A. and Martin, J.},
  journal = {Phys. Rev. A},
  volume = {88},
  pages = {062703},
  year = {2013}
}

@article{Dauphin2012,
  title = {Rydberg-atom quantum simulation and {C}hern-number characterization of a topological {M}ott insulator},
  author = {Dauphin, A. and M\"uller, M. and Martin-Delgado, M. A.},
  journal = {Phys. Rev. A},
  volume = {86},
  pages = {053618},
  year = {2012}
}

@article{Mobius2013,
  title = {Entangling distant atom clouds through {R}ydberg dressing},
  author = {M\"obius, S. and Genkin, M. and Eisfeld, A. and W\"uster, S. and Rost, J. M.},
  journal = {Phys. Rev. A},
  volume = {87},
  pages = {051602},
  year = {2013}
}


@article{Glaetzle2012,
  title = {Driven-dissipative dynamics of a strongly interacting {R}ydberg gas},
  author = {Glaetzle, A. W. and Nath, R. and Zhao, B. and Pupillo, G. and Zoller, P.},
  journal = {Phys. Rev. A},
  volume = {86},
  pages = {043403},
  year = {2012}
}


@article{Hsueh2012,
  title = {Quantum crystals in a trapped {R}ydberg-dressed {B}ose-{E}instein condensate},
  author = {Hsueh, C.-H. and Lin, T.-C. and Horng, T.-L. and Wu, W. C.},
  journal = {Phys. Rev. A},
  volume = {86},
  pages = {013619},
  year = {2012}
}



@article{Goldschmidt2016,
  title = {Anomalous Broadening in Driven Dissipative {R}ydberg Systems},
  author = {Goldschmidt, E. A. and Boulier, T. and Brown, R. C. and Koller, S. B. and Young, J. T. and Gorshkov, A. V. and Rolston, S. L. and Porto, J. V.},
  journal = {Phys. Rev. Lett.},
  volume = {116},
  pages = {113001},
  year = {2016}
}

@article{Gaul2016,
  title = {Resonant {R}ydberg Dressing of Alkaline-Earth Atoms via Electromagnetically Induced Transparency},
  author = {Gaul, C. and DeSalvo, B. J. and Aman, J. A. and Dunning, F. B. and Killian, T. C. and Pohl, T.},
  journal = {Phys. Rev. Lett.},
  volume = {116},
  pages = {243001},
  year = {2016}
}


@article{Dalmonte2015,
  title = {Cluster Luttinger liquids and emergent supersymmetric conformal critical points in the one-dimensional soft-shoulder Hubbard model},
  author = {Dalmonte, M. and Lechner, W. and Cai, Z. and Mattioli, M. and L\"auchli, A. M. and Pupillo, G.},
  journal = {Phys. Rev. B},
  volume = {92},
  pages = {045106},
  year = {2015}
}




@article{Dauphin2016,
  title = {Quantum simulation of a topological {M}ott insulator with {R}ydberg atoms in a {L}ieb lattice},
  author = {Dauphin, A. and M\"uller, M. and Martin-Delgado, M. A.},
  journal = {Phys. Rev. A},
  volume = {93},
  pages = {043611},
  year = {2016}
}

@article{Hsueh2013,
  title = {Pseudospin orders in the supersolid phases in binary {R}ydberg-dressed {B}ose-{E}instein condensates},
  author = {Hsueh, C.-H. and Tsai, Y.-C. and Wu, K.-S. and Chang, M.-S. and Wu, W. C.},
  journal = {Phys. Rev. A},
  volume = {88},
  pages = {043646},
  year = {2013}
}


@article{Xiong2014,
  title = {Topological superfluid by blockade effects in a {R}ydberg-dressed {F}ermi gas},
  author = {Xiong, B. and Jen, H. H. and Wang, D.-W.},
  journal = {Phys. Rev. A},
  volume = {90},
  pages = {013631},
  year = {2014}
}

@article{Angelone2016,
  title = {Superglass Phase of Interaction-Blockaded Gases on a Triangular Lattice},
  author = {Angelone, A. and Mezzacapo, F. and Pupillo, G.},
  journal = {Phys. Rev. Lett.},
  volume = {116},
  pages = {135303},
  year = {2016}
}

@article{Aman2016,
  title = {Trap losses induced by near-resonant {R}ydberg dressing of cold atomic gases},
  author = {Aman, J. A. and DeSalvo, B. J. and Dunning, F. B. and Killian, T. C. and Yoshida, S. and Burgd\"orfer, J.},
  journal = {Phys. Rev. A},
  volume = {93},
  pages = {043425},
  year = {2016}}

@article{XLi2015,
  title = {Exotic topological density waves in cold atomic {R}ydberg-dressed fermions},
  author = {X. Li and S. Das Sarma},
  journal = {Nat. Commun.},
  volume = {6},
  pages = {7137},
  year = {2015}}

@article{WXu2016,
  title = {Velocity-selective electromagnetically-induced-transparency measurements of potassium {R}ydberg states},
  author = {Xu, W. and DeMarco, B.},
  journal = {Phys. Rev. A},
  volume = {93},
  pages = {011801},
  year = {2016}
}

@article{XShi2016,
  title = {Annulled van der {W}aals interaction and nanosecond {R}ydberg quantum gates},
  author = {X.-F. Shi and  T. A. B. Kennedy},
  journal = {arXiv:1606.08516},
  year = {2016}
}

@article{Murray2016,
  title = {Quantum and Nonlinear Optics
in Strongly Interacting Atomic
Ensembles},
  author = {C. Murray and T. Pohl},
  journal = {Adv. At. Mol. Opt. Phys.},
  volume = {65},
  pages = {321},
  year = {2016}
}

@Article{Kuznetsova2011,
author ="Kuznetsova, E. and Rittenhouse, S. T. and Sadeghpour, H. R. and Yelin, S. F.",
title  ="Rydberg atom mediated polar molecule interactions: 
a tool for molecular-state conditional quantum gates and individual addressability",
journal  ="Phys. Chem. Chem. Phys.",
year  ="2011",
volume  ="13",
pages  ="17115"}

@Article{Kuznetsova2016,
author ="Kuznetsova, E. and Rittenhouse, S. T. and Sadeghpour, H. R. and Yelin, S. F.",
title  ="Rydberg atom mediated non-destructive readout of collective rotational states in
polar molecule arrays",
journal  ="arXiv:1604.08535",
year  ="2016"
}

@article{Rittenhouse2010,
  title = {Ultracold Giant Polyatomic {R}ydberg Molecules: Coherent Control of Molecular Orientation},
  author = {Rittenhouse, S. T. and Sadeghpour, H. R.},
  journal = {Phys. Rev. Lett.},
  volume = {104},
  pages = {243002},
  year = {2010}
}

@Article{Lim2013,

author="Lim, J. 
and Lee, H.-g. 
and Ahn, J.",

title="Review of cold {R}ydberg atoms and their applications",

journal="Jour. Kor. Phys. Soc.",

year="2013",

volume="63",
pages="867"}

@article{Zhao2012,
  title = {Atomic {R}ydberg Reservoirs for Polar Molecules},
  author = {Zhao, B. and Glaetzle, A. W. and Pupillo, G. and Zoller, P.},
  journal = {Phys. Rev. Lett.},
  volume = {108},
  pages = {193007},
  year = {2012}
}




@article{Carmele2014,
  
author={A. Carmele and B. Vogell and K. Stannigel and P. Zoller},
 
 title={Opto-nanomechanics strongly coupled to a {R}ydberg superatom: coherent versus incoherent dynamics},
 
 journal={New J. Phys.},
  
volume={16},
  
 pages={063042},
  
year={2014}
 }

@article{Opatrny2012,
  title = {Spin squeezing and {S}chr\"odinger-cat-state generation in atomic samples with {R}ydberg blockade},
  author = {Opatrn\'y, T.  and M\o{}lmer, K.},
  journal = {Phys. Rev. A},
  volume = {86},
  pages = {023845},
  year = {2012}
}

@article{DYan2015,
  title = {Duality and bistability in an optomechanical cavity coupled to a {R}ydberg superatom},
  author = {Yan, D. and Wang, Z.-H. and Ren, C.-N. and Gao, H. and Li, Y. and Wu, J.-H.},
  journal = {Phys. Rev. A},
  volume = {91},
  pages = {023813},
  year = {2015}
}

@article{Bariani2014,
  title = {Single-atom quantum control of macroscopic mechanical oscillators},
  author = {Bariani, F. and Otterbach, J. and Tan, H. and Meystre, P.},
  journal = {Phys. Rev. A},
  volume = {89},
  pages = {011801(R)},
  year = {2014}
}

@article{Feldker2015,
  title = {Rydberg Excitation of a Single Trapped Ion},
  author = {Feldker, T. and Bachor, P. and Stappel, M. and Kolbe, D. and Gerritsma, R. and Walz, J. and Schmidt-Kaler, F.},
  journal = {Phys. Rev. Lett.},
  volume = {115},
  pages = {173001},
  year = {2015}
}

@Article{WLi2014,

author="Li, W. and Lesanovsky, I.",

title="Entangling quantum gate in trapped ions via {R}ydberg blockade",

journal="Appl. Phys. B",

year="2014",

volume="114",

pages="37"}


@article{WLi2012,
  title = {Electronically Excited Cold Ion Crystals},
  author = {Li, W. and Lesanovsky, I.},
  journal = {Phys. Rev. Lett.},
  volume = {108},
  pages = {023003},
  year = {2012}
}

@article{WLi2013,
  title = {Parallel execution of quantum gates in a long linear ion chain via {R}ydberg mode shaping},
  author = {Li, W. and Glaetzle, A. W. and Nath, R. and Lesanovsky, I.},
  journal = {Phys. Rev. A},
  volume = {87},
  pages = {052304},
  year = {2013}
}




@article{Schmidt-Kaler2011,
 
 author={F. Schmidt-Kaler and T. Feldker and D. Kolbe and J. Walz 
and M. M\"uller and P. Zoller and W. Li and I. Lesanovsky},
 
 title={Rydberg excitation of trapped cold ions: a detailed case study},
  
journal={New J. Phys.},

  volume={13},
pages={075014},
  
year={2011}}
 

@article{Hague2012,
  title = {Bilayers of {R}ydberg Atoms as a Quantum Simulator for Unconventional Superconductors},
  author = {Hague, J. P. and MacCormick, C.},
  journal = {Phys. Rev. Lett.},
  volume = {109},
  pages = {223001},
  year = {2012}
}

@Article{Hague2014,

author="Hague, J. P.
and Downes, S. 
and MacCormick, C. 
and Kornilovitch, P. E.",

title="Cold {R}ydberg Atoms for Quantum Simulation of Exotic Condensed Matter Interactions",

journal="J. Supercond. and Novel Magnetism",

year="2014",

volume="27",

pages="937"}

@article{Sarkany2015,
  title = {Long-range quantum gate via {R}ydberg states of atoms in a thermal microwave cavity},
  author = {S\'ark\'any, L. and Fort\'agh, J. and Petrosyan, D.},
  journal = {Phys. Rev. A},
  volume = {92},
  pages = {030303},
  year = {2015}
}

@article{Thiele2014,
  title = {Manipulating {R}ydberg atoms close to surfaces at cryogenic temperatures},
  author = {Thiele, T. and Filipp, S. and Agner, J. A. and Schmutz, H. 
and Deiglmayr, J. and Stammeier, M. and Allmendinger, P. and Merkt, F. and Wallraff, A.},
  journal = {Phys. Rev. A},
  volume = {90},
  pages = {013414},
  year = {2014}
}



  	
@article{Lancuba2016,
  author={P. Lancuba and S. D. Hogan},
  title={Electrostatic trapping and in situ detection of {R}ydberg 
atoms above chip-based transmission lines},
  journal={J. Phys. B: At. Mol. Opt. Phys.},
  volume={49},
  pages={074006},
  year={2016}}
	
@article{Lancuba2013,
  title = {Guiding {R}ydberg atoms above surface-based transmission lines},
  author = {Lancuba, P. and Hogan, S. D.},
  journal = {Phys. Rev. A},
  volume = {88},
  pages = {043427},
  year = {2013}
}

@article{Cinti2010,
  title = {Supersolid Droplet Crystal in a Dipole-Blockaded Gas},
  author = {Cinti, F. and Jain, P. and Boninsegni, M. and Micheli, A. and Zoller, P. and Pupillo, G.},
  journal = {Phys. Rev. Lett.},
  volume = {105},
  pages = {135301},
  year = {2010}}

@article{Zeiher2016,
  title = {Many-body interferometry of a {R}ydberg-dressed spin lattice},
  author = {J. Zeiher and  R. van Bijnen and P. Schau\ss and  S. Hild and 
J.-y.  Choi and  T. Pohl and I. Bloch and C. Gross},
  journal = {Nat. Phys.},
volume={doi:10.1038/nphys3835},
  year = {2016}}


  	
@article{Chougale2016,
  author={Y. Chougale and R. Nath},
  title={Ab initio calculation of {H}ubbard parameters for 
{R}ydberg-dressed atoms in a one-dimensional optical lattice},
  journal={J. Phys. B: At. Mol. Opt. Phys.},
  volume={49},
  pages={144005},
  year={2016}}


  	
@article{Topcu2016,
  author={T. Topcu and A. Derevianko},
  title={Possibility of triple magic trapping of clock and 
{R}ydberg states of divalent atoms in optical lattices},
  journal={J. Phys. B: At. Mol. Opt. Phys.},
  volume={49},
  pages={144004},
  year={2016}}

@Article{RCYang2016,
author="Yang, R.-C.
and Lin, X.
and Ye, L.-X.
and Chen, X.
and He, J.
and Liu, H.-Y.",
title="Generation of singlet states with {R}ydberg blockade mechanism and driven by adiabatic passage",
journal="Qu. Inf. Proc.",
year="2016",
volume="15",
pages="731"}

@article{JQian2015,
  title = {Dynamical phases in a one-dimensional chain of heterospecies {R}ydberg atoms with next-nearest-neighbor interactions},
  author = {Qian, J. and Zhang, L. and Zhai, J. and Zhang, W.},
  journal = {Phys. Rev. A},
  volume = {92},
  pages = {063407},
  year = {2015}}

@article{Khazali2016,
  title = {Large energy superpositions via {R}ydberg dressing},
  author = {Khazali, M. and Lau, H. W. and Humeniuk, A. and Simon, C.},
  journal = {Phys. Rev. A},
  volume = {94},
  pages = {023408},
  year = {2016}
}

@article{Gil2014,
  title = {Spin Squeezing in a {R}ydberg Lattice Clock},
  author = {Gil, L. I. R. and Mukherjee, R. and Bridge, E. M. and Jones, M. P. A. and Pohl, T.},
  journal = {Phys. Rev. Lett.},
  volume = {112},
  pages = {103601},
  year = {2014}
}




@article{Sevincli2014,
  
author={S. Sevin\c{c}li and T. Pohl},
 
 title={Microwave control of {R}ydberg atom interactions},
 
 journal={New J. Phys.},
 
 volume={16},
 
 pages={123036},
  
 year={2014}}

@article{XFShi2017,
  title = {Annulled van der {W}aals interaction and fast {R}ydberg quantum gates},
  author = {Shi, X.-F. and Kennedy, T. A. B.},
  journal = {Phys. Rev. A},
  volume = {95}, 
  pages = {043429}, 
  year = {2017}
}

@article{Metcalf1980,
  title = {Highly excited atoms},
  author = {H. Metcalf},
  journal = {Nature},
  volume = {284}, 
  pages = {127}, 
  year = {1980}
}

@article{Aymar1996,
  title = {Multichannel {R}ydberg spectroscopy of complex atoms},
  author = {Aymar, M. and Greene, C. H. and Luc-Koenig, E.},
  journal = {Rev. Mod. Phys.},
  volume = {68},
  pages = {1015--1123},
  year = {1996}
}

@article{Aymar1984b,

title= "Rydberg series of alkaline-earth atoms {C}a through {B}a.
 the interplay of laser spectroscopy and multichannel quantum defect analysis",

journal = "Phys. Rep.",

volume = "110",
pages = "163 - 200",

year = "1984",

author = "M. Aymar"
}



  	
@article{Vaillant2012,

  author={C. L. Vaillant and M. P. A. Jones and R. M. Potvliege},

  title={Long-range {R}ydberg - {R}ydberg interactions in calcium, strontium and ytterbium},

  journal={J. Phys. B: At. Mol. Opt. Phys.},
  
volume={45},
  pages={135004},
 
 year={2012}}



  	
@article{Vaillant2014,
  
author={C. L. Vaillant and M. P. A. Jones and R. M. Potvliege},
 
 title={Multichannel quantum defect theory of strontium bound {R}ydberg states},
 
 journal={J. Phys. B: At. Mol. Opt. Phys.},
 
 volume={47},
    
pages={155001},
   
year={2014},
note={Erratum: ibid {\bf 47}, 199601 (2014) }}

@article{Aymar1984c,
author = {M. Aymar},
journal = {J. Opt. Soc. Am. B},
pages = {239--245},
title = {Multichannel-quantum-defect theory wave functions of {B}a 
tested or improved by laser measurements},
volume = {1},
year = {1984}}

	
@article{Eliel1983,
  
author={E. R. Eliel and W. Hogervorst},
 
 title={Hyperfine structure in 6snd {R}ydberg configurations in barium},
 
 journal={J. Phys. B: At. Mol. Opt. Phys.},
 
 volume={16},
   pages={1881},
  
 year={1983}} 


  	
@article{Rinneberg1982,
  
author={H. Rinneberg and J. Neukammer},
  
title={Hyperfine structure and configuration 
interaction of the 5d7d $^1{D}_2$ perturbing state of barium},

  journal={J. Phys. B: At. Mol. Opt. Phys.},
 
 volume={15},
 
 
  pages={L825},

   year={1982}}

@article{Rinneberg1983,
  title = {Hyperfine structure and three-channel quantum-defect theory of $6snd^{1}D_{2}$ Rydberg states of Ba},
  author = {Rinneberg, H. and Neukammer, J.},
  journal = {Phys. Rev. A},
  volume = {27},
  pages = {1779--1789},
  year = {1983}
}

@article{Beigang1983,
  title = {Hyperfine-Induced $n$ Mixing in High {R}ydberg States of $^{87}\mathrm{Sr}$},
  author = {Beigang, R. and Makat, W. and Timmermann, A. and West, P. J.},
  journal = {Phys. Rev. Lett.},
  volume = {51},
  pages = {771--774},
  year = {1983}
}

@article{JQSun1989,
  title = {Multichannel quantum defect theory of the hyperfine structure of high {R}ydberg states},
  author = {Sun, J.-Q.},
  journal = {Phys. Rev. A},
  volume = {40},
  pages = {7355--7358},
  year = {1989}
}


  	
@article{JQSun1988,

  author={J.-Q. Sun and K. T. Lu},
  
title={Hyperfine structure of extremely high {R}ydberg msns $^1{S}_0$ and 
msns $^3{S}_1$ 
series in odd alkaline-earth isotopes},
  
journal={J. Phys. B: At. Mol. Opt. Phys.},
 
 volume={21},
  
 pages={1957},
 
  year={1988}}


@article{Keating2016,
  title = {Arbitrary {D}icke-State Control of Symmetric {R}ydberg Ensembles},
  author = {Keating, T. and Baldwin, C. H. and Jau, Y.-Y. and Lee, J. and Biedermann, G. W. and Deutsch, I. H.},
  journal = {Phys. Rev. Lett.},
  volume = {117},
  pages = {213601},
  year = {2016}
}

@article{Naber2016b,

author="Naber, J. B.
 and Vos, J. and Rengelink, R. J. 
and Nusselder, R. J. 
and Davtyan, D.",

title="Optical techniques for {R}ydberg physics in lattice geometries",

journal="Eur. Phys. J. Sp. Top. ",

year="2016",
 
volume="225", 

pages="2785"}

@article{XFShi2017b,
  title = {Rydberg Quantum Gates Free from Blockade Error},
  author = {Shi, X.-F.},
  journal = {Phys. Rev. Appl.},
  volume = {7},
  pages = {064017},
  year = {2017}
}

@article{Boetes2017,
  author = {A. G. Boetes and  R. V. Skannrup and  J.B. Naber and  S. J. J. M. F. Kokkelmans and  R. J. C. Spreeuw},
  title = {Trapping of {R}ydberg Atoms in Tight Magnetic Microtraps},
  journal = {arXiv:1711.03289},
  volume = {},
  pages = {},
  year = {2017}}


@article{Picken2019,
  author = {C. J. Picken and R. Legaie and K. McDonnell and J. D. Pritchard},
  title = {Entanglement of neutral-atom qubits with long ground-{R}ydberg
coherence times},
  journal = {Quant. Sci. Technol.},
  volume = {4},
  pages = {015011},
  year = {2019}}


@article{Leseleuc2018,
  title = {Analysis of imperfections in the coherent optical excitation of 
single atoms to {R}ydberg states},
  author = {de L\'es\'eleuc, S. and Barredo, D. and Lienhard, V. and 
Browaeys, A. and Lahaye, T.},
  journal = {Phys. Rev. A},
  volume = {97},
  issue = {5},
  pages = {053803},
  year = {2018}
}

@article{YZeng2017,
  title = {Entangling Two Individual Atoms of Different Isotopes via {R}ydberg Blockade},
  author = {Zeng, Yong and Xu, Peng and He, Xiaodong and Liu, Yangyang and Liu, Min and Wang, Jin and Papoular, D. J. and Shlyapnikov, G. V. and Zhan, Mingsheng},
  journal = {Phys. Rev. Lett.},
  volume = {119}, 
  pages = {160502}, 
  year = {2017}
}


@article{Shi2017,
  title = {{R}ydberg Quantum Gates Free from Blockade Error},
  author = {Shi, X.-F.},
  journal = {Phys. Rev. Applied},
  volume = {7},
  pages = {064017},
  year = {2017}
}

@article{Mitra2020,
  title = {Robust {M}\o{}lmer-{S}\o{}rensen gate for neutral atoms using rapid adiabatic {R}ydberg dressing},
  author = {Mitra, A. and Martin, M. J. and Biedermann, G. W. and Marino, A. M. and Poggi, P. M. and Deutsch, I. H.},
  journal = {Phys. Rev. A},
  volume = {101}, 
  pages = {030301}, 
  year = {2020}
}

@article{HWu2017,
  title = {Rydberg-interaction gates via adiabatic passage and phase control of driving fields},
  author = {Wu, Huaizhi and Huang, Xi-Rong and Hu, Chang-Sheng and Yang, Zhen-Biao and Zheng, Shi-Biao},
  journal = {Phys. Rev. A},
  volume = {96},
  pages = {022321}, 
  year = {2017}
}

@article{XHuang2018,
  title = {Robust {R}ydberg gate via Landau-Zener control of {F}\"orster resonance},
  author = {Huang, Xi-Rong and Ding, Zong-Xing and Hu, Chang-Sheng and Shen, Li-Tuo and Li, Weibin and Wu, Huaizhi and Zheng, Shi-Biao},
  journal = {Phys. Rev. A},
  volume = {98}, 
  pages = {052324}, 
  year = {2018}
}

@article{Madjarov2020,
  title = {High-fidelity entanglement and detection of alkaline-earth {R}ydberg atoms},
  author = {Madjarov, I. S. and 
Covey, J. P. and
Shaw, A. L. and
Choi, J. and
Kale, A. and
Cooper, A. and
Pichler, H. and
Schkolnik, V. and
Williams, J. R. and
Endres, M.
},
  journal = {Nat. Phys.},
  volume = {16}, 
  pages = {857}, 
  year = {2020}
}

@article{Thaicharoen2019,
  title = {Electromagnetically induced transparency, absorption, and microwave-field sensing in a {R}b vapor cell with a three-color all-infrared laser system},
  author = {Thaicharoen, N. and Moore, K. R. and Anderson, D. A. and Powel, R. C. and Peterson, E. and Raithel, G.},
  journal = {Phys. Rev. A},
  volume = {100},
  pages = {063427},
  year = {2019}}



@article{YHe2021,
  title = {Multiple-qubit {R}ydberg quantum logic gate via dressed-states scheme},
  author = {Yucheng He and Jing-Xin Liu and  F.-Q. Guo and  L.-L. Yan and Ronghui Luo and Erjun Liang and  S.-L. Su and M. Feng},
  journal = {arXiv:2010.14704 },
  volume = {},
  pages = {},
  year = {2021}}

@article{Young2020,
  title = {Asymmetric blockade and multi-qubit gates via dipole-dipole interactions},
  author = {J. T. Young and P. Bienias and  R. Belyansky and 
A. M. Kaufman and A. V. Gorshkov},
  journal = {arXiv:2006.02486},
  volume = {},
  pages = {},
  year = {2020}}

@article{DYu2020,
  title = {Scalability and high-efficiency of an $(n + 1)-$qubit {T}offoli gate sphere via blockaded
{R}ydberg atoms},
  author = {D. Yu and Y. Gao and W. Zhang and J. Liu and J. Qian},
  journal = {arXiv:2001.04599},
  volume = {},
  pages = {},
  year = {2020}}

@article{THXing2020,
  title = {Nonadiabatic holonomic three-qubit controlled gates realized by one-shot implementation},
  author = {Xing, T. H. and Wu, X. and Xu, G. F.},
  journal = {Phys. Rev. A},
  volume = {101},
  pages = {012306},
  year = {2020}
}

@article{HDYin2020,
  title = {One-step implementation of {T}offoli gate for
neutral atoms based on unconventional
{R}ydberg pumping},
  author = {H.-D. Yin and  X.-X. Li and G.-C. Wang and 
X.-Q. Shao},
  journal = {Opt. Expr.},
  volume = {28},
  pages = {35576},
  year = {2020}
}


@article{JLWu2021,
  title = {Resilient quantum gates on periodically driven {R}ydberg atoms},
  author = {Wu, J.-L. and Wang, Y. and Han, J.-X. and Su, S.-L. and Xia, Y. and Jiang, Y. and Song, J.},
  journal = {Phys. Rev. A},
  volume = {103},
  pages = {012601},
  year = {2021}
}

@article{JLWu2021b,
author = {J.-L. Wu and Y. Wang and J.-X. Han and Y.-K. Feng and S.-L. Su and Y. Xia and Y. Jiang and J. Song},
journal = {Photon. Res.},
number = {5},
pages = {814--821},
title = {One-step implementation of {R}ydberg-antiblockade SWAP and controlled-SWAP gates with modified robustness},
volume = {9}, 
year = {2021}}

@article{XFShi2018,
  title = {Deutsch, {T}offoli, and {CNOT} Gates via {R}ydberg Blockade of Neutral Atoms},
  author = {Shi, X.-F.},
  journal = {Phys. Rev. Applied},
  volume = {9},
  pages = {051001},
  year = {2018}}

@article{MLi2021,
  title = {Multiple-qubit controlled unitary quantum gate for {R}ydberg atoms using shortcut to adiabaticity and optimized geometric quantum operations},
  author = {Li, M. and Guo, F.-Q. and Jin, Z. and Yan, L.-L. and Liang, E.-J. and Su, S.-L.},
  journal = {Phys. Rev. A},
  volume = {103},
  pages = {062607},
  year = {2021}
}

@article{Otto2020,
  title = {Strong zero-field {F}\"orster resonances in {K}-{R}b {R}ydberg systems},
  author = {Otto, J. Susanne and Kj\ae{}rgaard, Niels and Deb, Amita B.},
  journal = {Phys. Rev. Res.},
  volume = {2},
  pages = {033474},
  year = {2020}}

@article{Pelegri2021,
  title = {High-fidelity multiqubit {R}ydberg gates via two-photon adiabatic rapid passage},
  author = {G. Pelegr\'i and A. J. Daley and J. D. Pritchard},
  journal = {arXiv:2112.13025},
  volume = {},
  pages = {},
  year = {2022}}

@article{Pgri2021,
  title = {High-fidelity multiqubit {R}ydberg gates via two-photon adiabatic rapid passage},
  author = {G. Pelegr\'i and A. J. Daley and J. D. Pritchard},
  journal = {arXiv:2112.13025},
  volume = {},
  pages = {},
  year = {2022}}



@article{YSun2020,
  title = {Controlled Phase Gate Protocol for Neutral Atoms via Off-Resonant Modulated Driving},
  author = {Sun, Y. and Xu, P. and Chen, P.-X. and Liu, L.},
  journal = {Phys. Rev. Applied},
  volume = {13},
  pages = {024059},
  year = {2020},
  doi = {10.1103/PhysRevApplied.13.024059},
  url = {https://link.aps.org/doi/10.1103/PhysRevApplied.13.024059}
}

